2917 5052
685 316 771 401 96

763 425 1036 489 Floristae
1067 425 1146 487 ad
1175 422 1725 486 circumambienda
1767 433 1930 486 serta
1963 421 2186 488 florum
2221 427 2635 572 artificiath

679 522 796 584 hac
835 532 1086 584 venusta
1126 524 1326 606 specie
1366 531 1639 582 utuntur.

682 714 840 778 Sect.
873 717 975 778 xl.
1009 718 1363 784 Αττιιωᾼτι.
1397 716 1562 777 Bal».
1596 729 1655 777 et
1680 716 1778 776 De
1810 715 1951 779 Not.
1985 716 2172 810 bryol.
2207 717 2456 782 Mediol.
2472 715 2628 784 'muz

762 906 999 970 Surculi
1043 917 1323 991 repentes
1359 907 1455 968 vel
1497 905 1950 983 decumbentes,
1991 912 2145 970 rami
2186 914 2482 974 attenuati
2522 913 2626 975 vel

677 1005 1024 1159 incrassati,
1080 1003 1227 1064 folia
1280 1002 1544 1065 secunda
1593 1012 1772 1065 ovata
1832 1025 2069 1087 opaca,
2112 1007 2358 1091 capsula
2416 1020 2627 1072 erecta

680 1118 754 1160 ve
820 1120 1059 1161 cernua.

1243 1296 1345 1373 41.
1385 1295 1619 1359 Hnnuu
1662 1317 2047 1359 uuum-runt.

755 1488 831 1552 H.
871 1489 1059 1551 Caule
1101 1498 1351 1572 repente
1392 1488 1731 1549 inordinate
1773 1507 2019 1548 ramoso
2062 1490 2245 1548 ramis
2284 1485 2612 1551 'attenuatis

668 1586 764 1647 vel
810 1589 1146 1652 incrassatis
1189 1585 1597 1646 erectiusculis
1633 1583 1729 1646 vel
1761 1584 2244 1661 incurvis,soliis
2282 1585 2612 1646 imbricatis

669 1684 945 1745 secundis
988 1681 1537 1754 ovato-lanceolatis
1571 1681 1997 1742 obtusiusculis
2043 1681 2302 1746 obscure
2339 1682 2610 1743 denticu-

666 1777 804 1839 latis
847 1797 1033 1838 nervo
1076 1787 1215 1838 ante
1258 1779 1491 1859 apicem
1536 1777 1862 1851 desinente,
1906 1778 2153 1860 capsula
2199 1778 2466 1861 oblonga
2508 1800 2607 1857 cy-

668 1873 991 1948 lindracea,
1032 1874 1355 1956 operculo
1368 1877 1576 1935 conieo
1621 1884 1820 1936 acuto.

749 1972 1034 2061 Hypnum
1103 1980 1502 2034 attenuatum.
1570 1971 1804 2032 Schreb.
1860 1972 2041 2056 spicil.
2058 1970 2145 2057 fl.
2210 1973 2341 2056 lips.
2375 1992 2440 2057 p.
2493 1990 2604 2032 100

666 2070 836 2150 (non
876 2068 1144 2148 Die-Its..)
1179 2068 1329 2130 Am.
1371 2067 1529 2153 disp.
1569 2070 1741 2129 meth.
1791 2091 1869 2152 p.
1903 2068 2041 2131 315.
2093 2066 2254 2130 Dub.
2296 2066 2414 2131 boc.
2466 2071 2603 2150 gall.

656 2181 724 2252 p
746 2262 974 2324 Leskea
1015 2270 1340 2330 attenuata.
1372 2258 1605 2324 Hedw.
1640 2262 1801 2347 stirp.
1840 2282 1861 2322 1
1873 2280 1971 2346 ,.p
2004 2263 2106 2337 33,
2134 2257 2251 2323 tab.
2283 2281 2371 2321 12.
2394 2259 2603 2340 Effusd.

661 2377 749 2445 sp.
765 2381 841 2444 p
885 2362 1025 2421 230.
1067 2359 1439 2439 δοήαυωςής.
1473 2360 1663 2445 suppl.
1716 2379 1781 2432 1,
1823 2378 1892 2432 2,
1938 2378 2003 2443 p.
2057 2378 2187 2440 172.
2220 2357 2389 2418 Bn‘zi.
2429 2358 2600 2417 meth.

652 2473 720 2540 p.
772 2456 901 2536 147.
949 2448 1049 2514 W
1041 2451 1130 2514 eb
1185 2469 1245 2516 et
1285 2456 1471 2516 Mohr
1531 2451 1649 2515 bot.
1714 2455 1894 2515 tas-ch.
1930 2475 1995 2537 p.
2041 2453 2178 2538 249.
2227 2454 2368 2516 γοα
2414 2475 2602 2514 muse.

657 2547 879 2636 her-bip.
914 2571 978 2636 p.
1020 2552 1119 2631 73.
1163 2551 1344 2613 Marc.
1369 2547 1451 2630 fl.
1492 2565 1693 2641 crypt.
1742 2552 1961 2633 erlang.
2008 2574 2072 2635 p.
2139 2553 2236 2633 47.
2278 2552 2493 2614 Pollia.
2512 2547 2601 2635 fl.

659 2668 850 2708 veron.
895 2649 960 2721 3,
990 2667 1056 2732 p.
1101 2646 1219 2723 343
1261 2644 1436 2732 (syn.
1481 2648 1683 2709 Diclcs,
1708 2648 1914 2710 Smich.
1944 2663 2001 2711 et
2024 2650 2170 2709 Dzll.
2199 2647 2368 2735 apud
2397 2670 2601 2710 omnes
2667 2678 2671 2683 ·

658 2743 815 2805 excl.
836 2741 886 2822 ).

739 2840 1030 2922 Hypnum
1075 2838 1325 2901 fulvum.
1367 2838 1534 2902 Brid.
1577 2860 1664 2924 sp.
1714 2863 1771 2916 2,
1806 2863 1869 2928 p.
1915 2863 2013 2923 77.

738 2938 1025 3018 Hypnum
1053 2932 1369 3014 clavatum.
1390 2937 1654 3015 Bellard.
1674 2937 1933 3024 append.
1962 2937 2050 2999 ad
2049 2934 2136 3022 fl
2170 2940 2383 3000 taun’n.
2406 2960 2471 3025 p.
2494 2938 2594 3001 51.

738 3031 836 3093 Ad
875 3041 1120 3093 truncos
1174 3032 1465 3097 arborum
1509 3039 1572 3096 iu
1615 3034 1793 3112 sylvis
1836 3045 1899 3096 et
1939 3036 2018 3097 ad
2072 3046 2299 3096 terram
2341 3038 2404 3097 iu
2446 3037 2598 3099 locis

655 3128 959 3190 umbrosis
1000 3127 1476 3212 humidiuseulis.

735 3225 980 3288 Unciale
1023 3236 1085 3288 et
1124 3226 1400 3312 longior,
1463 3239 1709 3293 truncos
1752 3229 2045 3290 arborum
2087 3229 2208 3290 late
2251 3228 2595 3289 obvestiens

650 3320 747 3382 vel
787 3324 850 3381 in
891 3332 1053 3383 terra
1103 3328 1413 3408 caespitose
1475 3325 1718 3408 degens.
1759 3326 1935 3386 Rami
1978 3329 2041 3387 in
2083 3325 2305 3409 plantis
2367 3325 2593 3418 nostris

647 3419 944 3480 fertilibus
989 3424 1215 3496 erecti,
1256 3424 1315 3483 in
1361 3443 1566 3483 ramos
1608 3431 1872 3504 quatuor
1913 3426 2184 3505 quinque
2227 3421 2400 3482 divisi
2442 3428 2593 3479 atte—

644 3518 813 3577 nuati
838 3562 857 3592 ,
899 3520 961 3576 in
1003 3511 1223 3599 plantis
1267 3518 1584 3580 sterilibus
1638 3516 1869 3580 incurvi
1911 3522 2217 3581 incrassati
2258 3519 2588 3577 breviores

642 3610 819 3673 Folia
862 3611 1295 3678 luride-viridia
1338 3636 1529 3696 opaca
1570 3615 1939 3677 denticulata
1981 3615 2077 3678 vel
2122 3619 2303 3686 etiam
2351 3616 2587 3694 integra

644 3709 906 3769 siccitate
948 3728 1234 3790 appressa
1255 3755 1273 3785 ,
1329 3731 1521 3772 nervo
1564 3711 1886 3797 diaphano.
1933 3712 2291 3779 Seta,1aevis
2339 3707 2588 3771 uncialis

641 3824 964 3889 purpurea.
1009 3804 1270 3889 Capsula
1313 3807 1497 3869 fusca.
