2917 5052
622 300 734 361 162

694 405 1163 469 Orthotrichum
1203 404 1590 466 Hutchinsiae.
1657 403 1865 463 Smieh.
1928 404 2077 484 engl.
2121 403 2233 466 bot.
2279 405 2362 467 36
2388 452 2414 483 ,
2454 410 2565 470 tab·

612 507 773 569 2523
808 508 907 588 (m.
945 504 1048 583 v..)
1069 501 1275 582 Effusd.
1298 501 1574 587 campmfl
1595 502 1721 563 brit.
1755 500 1990 576 edit-V,
2004 523 2068 585 p.
2096 504 2568 586 191.Schwoegr‚

609 603 800 688 suppl.
845 624 923 678 2,
968 624 1030 677 2,
1062 623 1127 685 p.
1183 599 1314 676 145,
1348 599 1463 661 tab.
1516 596 1648 659 138.
1693 596 1857 660 Am.
1907 597 2567 686 disp.mea2.p.266.

610 695 809 760 Hook.
851 713 910 761 et
957 699 1128 790 Tayl.
1182 718 1363 758 masc.
1424 696 1552 757 bru.
1588 718 1653 780 p.
1705 696 2563 773 131,tab.21.Dub.bot.

607 795 746 876 gau.
892 794 1033 878 577·

695 817 1028 955 Adpsaxa
1011 897 1076 953 in
1118 890 1378 953 collibus
1419 890 1488 950 di
1525 887 1987 952 Sesto-catenae
2029 902 2092 953 et
2145 912 2185 952 a
2238 893 2302 954 S.
2354 895 2563 957 Salva-

614 1006 737 1052 torc
777 1011 973 1075 prope
1015 989 1202 1052 Erba.

695 1088 900 1150 Caulis
941 1087 1184 1160 brevis,
1252 1088 1407 1145 rami
1450 1084 1870 1146 semiunciales
1904 1084 2018 1146 vel
2068 1037 2336 1147 unciales
2396 1088 2565 1149 fasti-

612 1188 758 1269 giati
799 1184 1247 1246 adscendentes.
1289 1182 1469 1244 Folia
1509 1182 1799 1243 inferiora
1840 1183 2028 1259 fusca,
2072 1186 2388 1265 superiora
2428 1186 2571 1246 viri

609 1282 731 1358 dia,
770 1303 960 1343 nervo
1003 1281 1206 1343 valido
1249 1279 1598 1363 ferrugineo
1644 1281 1723 1342 ad
1764 1282 1999 1363 apicem
2043 1283 2217 1362 quasi
2258 1281 2567 1364 producto

606 1378 877 1462 praedita.
912 1378 1068 1439 'Seta
1134 1377 1287 1438 duas
1348 1375 1446 1438 vel
1488 1387 1613 1438 tres
1654 1376 1843 1439 lineas
1898 1376 2103 1460 longa=
2123 1378 2297 1460 apice
2340 1379 2565 1439 incras-

608 1487 740 1536 sata
780 1476 1099 1559 paululum
1144 1474 1381 1536 tortilis..
1426 1475 1690 1558 Capsula
1732 1474 1999 1557 oblonga
2024 1521 2042 1550 ,
2084 1484 2328 1535 matura
2368 1475 2564 1538 luteo-

606 1571 791 1632 fusca.
825 1574 1051 1634 Dentes
1092 1574 1428 1654 peristomii
1458 1570 1841 1631 trabeculati.
1865 1570 2245 1654 operculum
2273 1593 2564 1634 convexo-

611 1673 892 1731 conicum
935 1668 1241 1729 concolor.

695 1763 793 1826 Ad
831 1762 990 1823 hane
1051 1762 1528 1845 pulcherrimam
1586 1767 1852 1846 speciem
1915 1764 2160 1825 Hooker
2223 1775 2289 1826 et
2324 1766 2560 1842 Taylor
2646 1807 2655 1816 «

612 1862 889 1922 referunt
943 1861 1390 1922 Onhom‘chum
1444 1863 1847 1924 amet-icarium
1915 1859 2443 1943 Schwae'grichenii
2492 1865 2561 1924 in

613 1956 729 2019 loc.
774 1960 932 2018 citat.
976 1956 1041 2018 id
1083 1956 1251 2039 quod
1290 1978 1403 2019 nos
1446 1961 1687 2043 metipsi
1754 1962 2076 2042 opinamus
2115 1966 2258 2022 nam
2300 1959 2563 2043 figuram

615 2055 951 2136 peristomii
1007 2053 1232 2116 harum
1285 2055 1627 2136 specierum
1680 2076 1805 2117 non
1859 2055 2018 2117 bene
2077 2053 2561 2140 Schwaegrichen

614 2155 1086 2234 repraesentavit,
1126 2162 1189 2214 et
1227 2151 1368 2216 ideo
1412 2152 1766 2216 differentiae
1809 2153 1890 2216 ab
1933 2175 2009 2215 eo
2052 2153 2346 2218 desumtae
2372 2165 2559 2257 certo

613 2248 868 2311 fallaces
900 2260 1054 2311 sunt.
2268 2271 2271 2276 '

710 2469 1684 2557 BUXBAUMOIDEAE.
1721 2467 1930 2554 Am.
1971 2469 2167 2583 disp.
2221 2474 2452 2558 meth.

1151 2632 1158 2639 ’
1423 2644 1509 2722 p.
1562 2615 1743 2697 260.
2412 2673 2414 2676 ψ

1230 2849 1393 2935 xxi.
1440 2828 1945 2916 mPflYs'cmM.

669 3043 883 3105 ‘Mohr
919 3044 1135 3107 observ.
1170 3067 1236 3129 p.
1282 3045 1378 3123 34.
1428 3046 1608 3110 Web.
1651 3060 1709 3107 et
1745 3047 1934 3131 Mohr
1971 3046 2082 3111 bot.
2127 3051 2307 3110 lasela.
2343 3072 2409 3134 p.
2456 3071 2553 3111 22.

613 3138 780 3198 Bn'd.
822 3142 993 3201 mech.
1028 3163 1093 3225 p.
1147 3143 1277 3202 123.
1320 3141 1472 3204 Am.
1514 3141 1666 3229 disp.
1716 3147 1888 3206 mech.
1937 3167 2004 3229 p.
2061 3145 2198 3207 260.
2240 3143 2445 3208 Hook.
2501 3161 2559 3209 et

620 3237 793 3322 Tayl.
836 3259 1015 3298 muse.
1059 3240 1185 3301 brie.
1224 3262 1285 3326 p.
1332 3242 1431 3317 31,
1474 3242 1587 3303 tab.
1642 3264 1690 3303 1.
1733 3243 1891 3304 Dub.
1935 3243 2046 3305 bot.
2083 3245 2229 3329 gall.
2269 3267 2329 3329 p.
2372 3240 2513 3326 578.

689 3334 1075 3399 Buxbaumiae
1115 3358 1265 3423 spec.
1308 3334 1547 3404 Hedw.
1590 3339 1908 3423 Schwoegr.

706 3537 869 3612 Seta
922 3543 1318 3616 terminalis
1366 3544 1784 3620 brevissima
1815 3600 1837 3644 ,
1904 3547 2203 3647 capsula.
2246 3545 2545 3646 obliqua

608 3648 889 3724 inferne
941 3658 1367 3756 convexior‚
1416 3684 1544 3732 ore
1597 3674 1926 3741 truncato
1990 3657 2545 3746 subcrenulato,

609 3764 997 3860 peristoma
1037 3768 1352 3868 simplex
1399 3771 1838 3848 membranae
1907 3772 2278 3849 conoideae
2345 3786 2550 3859 trun-3

613 3891 792 3955 catae
835 3879 1124 3982 plicatae
1169 3898 1542 3990 constans,
1597 3887 1924 3992 calypti-a
1977 3885 2477 3973 mitraeformis.
