2917 5052
2201 486 2338 555 ,165

392 598 670 663 enerviis
711 598 1267 676 ovato-acuminatis
1310 599 1510 679 apice
1538 595 1855 679 diaphanis
1912 595 2341 673 denticulatiS,

390 697 898 782 perichaetialibus
936 700 1108 782 apice
1152 696 1383 772 ciliatis,
1414 694 1712 818 capsula
1697 717 2005 773 immersa,
2049 697 2343 781 operculo

391 798 575 881 plano
618 796 939 881 apiculat0.
1103 807 1104 810 ’

470 896 892 977 Anictangium
922 890 1207 953 ciliatum.
1228 886 1454 953 Ηεώνν.
1477 913 1565 975 sp.
1579 911 1643 976 p.
1666 891 1765 968 40.
1801 886 2124 972 Schwoegr.
2150 892 2342 975 suppl

399 1011 454 1067 ι,
486 1016 535 1066 ι,
569 1013 634 1075 p.
661 989 1006 1058 38.Br1·del.
1047 1011 1135 1077 sp.
1182 1011 1240 1065 2,
1274 1011 1339 1073 p.
1387 985 1483 1048 28.
1524 988 1671 1049 Am.
1700 987 1849 1072 disp.
1873 990 2045 1050 meth.
2082 1012 2148 1072 p.
2198 987 2342 1071 259.

347 1087 535 1180 ⁸Voit
584 1109 761 1148 muse.
806 1087 1022 1172 herbip.
1069 1106 1135 1172 p.
1188 1087 1276 1146 13.
1310 1081 1516 1148 Book.
1559 1098 1617 1145 et
1658 1085 1830 1169 Tayl.
1875 1105 2055 1144 masc.
2097 1081 2227 1145 brie.
2265 1103 2340 1166 p.

388 1203 487 1264 27,
507 1180 642 1244 tab.
687 1183 745 1246 6.
790 1179 947 1243 Dub.
992 1179 1109 1244 bot.
1146 1182 1290 1263 gall.
1324 1201 1388 1267 p.
1432 1181 1574 1263 579.
1607 1181 1819 1258 Pollia.
1836 1178 1926 1262 fl.
1956 1200 2148 1241 veron.
2188 1181 2249 1255 3,
2265 1201 2331 1265 p.

387 1276 523 1362 298.
541 1281 708 1340 Bate.
750 1293 808 1339 et
843 1281 942 1340 De
966 1279 1105 1339 Not.
1139 1299 1321 1338 muse.
1349 1276 1600 1338 Mediol.
1641 1277 1856 1337 exsicc.
1873 1275 2037 1357 fasc.
2067 1275 2130 1350 I,
2153 1298 2212 1336 n.
2236 1296 2336 1362 ι9.
2439 1300 2449 1311 ·

323 1385 326 1388 ’
383 1369 781 1458 Hedwigia
821 1374 1064 1452 ciliata.
1078 1370 1309 1437 Hedw.
1341 1374 1503 1457 stirp.
1548 1394 1610 1448 ι,
1644 1393 1706 1457 p.
1761 1393 1905 1452 107,
1951 1367 2066 1432 tab
2080 1370 2210 1471 40.

470 1478 985 1556 Gymnostomum
1027 1469 1312 1531 ciliatum.
1355 1470 1598 1532 Swanz
1640 1491 1821 1530 muse.
1864 1461 2017 1529 suec.
2054 1491 2120 1554 p.
2174 1493 2195 1531 ι
2218 1491 2277 1554 9.

469 1570 984 1646 Gymnostomum
1024 1553 1351 1655 Hedvvigia.⁴
1411 1559 1515 1630 W
1503 1565 1591 1629 eb
1633 1582 1692 1628 et
1730 1566 1928 1629 Mohr.
1976 1563 2091 1628 bot.
2159 1566 2336 1628 tasch.

378 1689 443 1752 p.
487 1664 584 1750 78.
613 1659 916 1746 M-artfl
959 1665 1702 1750 crypaerlang.p.119.

469 1759 862 1823 Schistidium
923 1760 1209 1823 ciliatum.
1252 1760 1422 1824 Bn’d.
1464 1762 1635 1822 melli.
1679 1783 1753 1846 p.
1790 1781 1885 1821 21.
1905 1757 2099 1856 'Nees
2131 1757 2335 1843 bryol.

384 1879 564 1939 germ.
619 1881 669 1935 1,
703 1880 768 1943 p
822 1879 951 1920 ιοι.
1065 1894 1084 1922 f

391 2003 399 2013 .
470 1941 614 2017 Diu.
658 1956 785 2017 hist.
841 1976 1019 2016 muse.
1076 1974 1143 2040 p.
1172 1915 1362 2032 246,
1401 1955 1516 2017 tab.
1577 1920 1656 2017 32
1680 1949 1838 2038 fig
1868 1919 1938 2014 5.
1986 1950 2164 2015 Vaill.
2225 1952 2336 2013 bot.

378 2072 520 2138 par.
560 2053 676 2115 tab.
724 2074 825 2134 27,
857 2052 965 2134 fig.
1019 2049 1108 2111 18.

374 2224 380 2231 .
471 2149 567 2211 Ad
610 2170 749 2220 saxa
788 2152 853 2208 in
893 2144 1151 2209 collibus
1193 2148 1438 2228 passim.

471 2244 675 2305 Caulis
715 2240 846 2303 basi
890 2227 1142 2324 simplex
1200 2258 1463 2324 superne
1507 2262 1784 2303 ramosus
1841 2242 2094 2330 uncialis
2137 2252 2200 2303 et
2240 2242 2333 2302 ul-

389 2353 501 2403 tra.
541 2338 719 2401 Folia
761 2338 1024 2414 alterna,
1065 2338 1311 2400 madida
1351 2338 1600 2422 patula,
1639 2340 1818 2428 sicca
1838 2338 1995 2399 cauli
2049 2331 2339 2423 appressa
2374 2329 2377 2332 Ἴ

386 2438 743 2512 imbricata,
782 2438 1055 2517 margine
1098 2421 1464 2512 convoluta,
1529 2435 1700 2518 apice
1742 2404 2049 2518 diaphana
2091 2445 2154 2497 et
2199 2457 2342 2497 cum

386 2536 556 2605 lente
606 2544 783 2595 acuta
847 2533 1146 2595 serrulata
1209 2533 1630 2596 observantur.
1672 2532 1849 2596 Folia
1904 2531 2338 2626 perichaetialia

341 2686 348 2693 ,
384 2628 640 2715 propter
680 2616 914 2717 apicem
957 2629 1327 2713 diaphanum
1370 2629 1703 2722 lateraliter
1767 2613 2037 2691 lacerum
2095 2617 2346 2711 ciliata,

387 2727 467 2788 ad
507 2729 843 2810 marginem
886 2726 1208 2810 diaphana.
1252 2728 1516 2811 Capsula
1558 2740 1754 2790 ovata.

371 2897 375 2901 .
464 2825 634 2887 Nees
661 2826 741 2886 ab
779 2825 1101 2886 Esenbech
1143 2828 1219 2886 ἰιι
1257 2825 1584 2910 Bryologia
1630 2800 1992 2887 Germanica
2037 2824 2184 2887 folia
2226 2826 2341 2888 hu-

385 2920 550 3003 jusce
594 2920 828 3007 speciei
854 2925 920 2982 in
961 2943 1070 2987 sua
1110 2922 1318 3004 phrasi
1359 2943 1620 2984 nervosa
1660 2923 1926 2997 indicat,
1973 2923 2120 2983 dum
2165 2927 2228 2984 in
2270 2923 2341 2984 fi-

386 3038 541 3098 gura
583 3021 824 3079 enervia
868 3002 1228 3113 ¹offeruntur.
1271 3021 1339 3079 In
1382 3014 1812 3101 speciminibus
1868 3010 2090 3080 nostris
2147 3025 2343 3082 omni-

388 3113 577 3174 modo
621 3116 872 3174 enervia
904 3113 1305 3176 observantur
1344 3115 1526 3191 folia,
1569 3125 1632 3177 et
1674 3117 1858 3177 etiam
1898 3112 2156 3199 Hedwig
2197 3116 2336 3177 loco

388 3212 571 3270 citato
614 3211 855 3270 enervia
896 3211 1101 3292 pinxit.
1143 3209 1327 3293 Certo
1369 3199 1592 3293 plantae
1636 3215 1995 3306 germanicae
2032 3234 2070 3271 a
2103 3211 2343 3272 Weber

389 3317 454 3368 et
492 3307 674 3368 Mohr
712 3307 1044 3369 observatae
1087 3304 1233 3368 folia
1275 3311 1520 3368 enervia
1587 3318 1727 3369 sunt
1769 3330 1909 3368 nam
1980 3311 2137 3370 sicut
2175 3311 2332 3368 inter

392 3404 858 3481 Gymnostomia
871 3405 1154 3493 referunt
1173 3414 1449 3466 asserunt
1471 3408 1629 3466 inter
1656 3420 2028 3467 enumeratas
2049 3407 2146 3466 sui
2167 3426 2342 3485 gene-

391 3504 474 3562 ris
490 3503 855 3585 germanicas
892 3500 1110 3586 species
1153 3500 1388 3564 unicum
1427 3502 1595 3588 quod
1611 3504 1788 3587 soliis
1815 3503 2036 3585 gaudet
2076 3503 2340 3564 enerviis.

777 3774 778 3777 Ν
905 3694 1142 3759 xxiv.
1170 3694 1819 3807 cmosroMUM.
1864 3646 1867 3649 ’

383 3925 392 3933 ·
473 3892 707 3955 Sckreb.
747 3915 873 3974 gen.
896 3890 983 3976 pl.
1022 3916 1078 3968 2,
1097 3913 1161 3979 p.
1199 3891 1335 3973 728.
1366 3888 1594 3959 Hedw.
1625 3916 1708 3978 sp.
1745 3914 1809 3979 p.
1859 3896 1954 3955 3ο.
2000 3893 2149 3987 Arn-
2187 3891 2338 3975 disp.

363 3991 563 4073 ’mecla
604 4012 669 4073 p.
716 3990 850 4052 256.
875 3990 1088 4053 Hook.
1133 4003 1188 4050 et
1237 3990 1432 4076 Tayl.
1448 4012 1625 4052 muse.
1671 3993 1794 4051 brit.
1833 3980 1915 4074 p.
1960 3984 2072 4066 15⁶,
2124 3989 2257 4050 tab..
2290 4010 2338 4047 1.

392 4086 547 4173 Nees
586 4083 772 4171 bryol.
813 4108 987 4167 germ.
1042 4109 1092 4162 1,
1125 4108 1189 4170 p
1246 4109 1372 4149 ιι2.
1449 4174 1452 4175 7
1506 4158 1511 4161 ,
2258 4134 2259 4137 ,
