2917 5052
663 361 750 445 94

1249 465 1347 549 39.
1388 444 1617 527 Hmun
1660 482 2022 526 sumes-ru.
2113 484 2116 487 ¹

747 660 820 723 H.
862 659 1049 722 Caule
1090 656 1429 721 inordinate
1470 677 1717 719 ramoso
1744 701 1763 732 ,
1819 655 1978 718 foliis
2032 656 2365 720 imbricatis
2405 667 2660 741 paten-

665 756 828 819 tibus
869 758 1206 841 squaru-osis
1234 755 1357 818 late
1385 754 1858 817 cordato-ovatis
1886 755 2164 816 concavis
2188 754 2651 838 abrupte‘acu-

664 857 904 918 minatis
946 857 1115 939 apice
1156 852 1453 916 undulato
1494 854 1814 915 contractis
1841 842 2094 914 serratis
2132 850 2265 914 basi
2307 853 2651 927 binerviis,

668 962 798 1014 seta
836 952 990 1028 laevi,
1029 950 1274 1033 capsula
1317 959 1494 1011 ovata
1530 970 1779 1024 cernua,
1819 947 2111 1032 operculo
2153 951 2385 1011 conico.

749 1048 1035 1131 Hypnum
1058 1047 1441 1108 brevirostre.
1456 1047 1642 1107 arla.
1657 1059 1842 1129 crypt.
1858 1046 2073 1109 exa-icc.
2100 1067 2157 1107 n.
2169 1042 2271 1107 85.
2289 1044 2634 1125 Schwoegr.

666 1144 853 1229 suppl.
909 1164 960 1217 ι,
1002 1163 1061 1216 2,
1095 1163 1178 1228 p.
1206 1161 1343 1225 279.
1385 1138 1549 1202 Brid.
1592 1142 1763 1201 meth.
1803 1161 1864 1225 p.
1897 1139 2028 1222 175.
2072 1140 2222 1201 Am.
2251 1139 2404 1224 disp.
2438 1142 2630 1201 mech.

657 1256 725 1320 p.
773 1235 909 1298 315.
950 1232 1157 1299 Hook.
1200 1252 1259 1299 et
1305 1239 1479 1324 Taya
1508 1258 1691 1299 muse.
1732 1238 1859 1299 brit.
1896 1257 1962 1322 p.
2000 1233 2135 1313 182,
2177 1236 2371 1322 suppl.
2416 1236 2530 1298 tab.
2551 1236 2626 1298 5.

669 1331 907 1393 Gna-vill.
947 1347 1104 1395 scote.
1145 1333 1433 1424 crypt-fl.
1463 1334 1525 1411 6,
1553 1335 1675 1396 tab.
1700 1335 1837 1415 337.
1859 1332 2019 1395 Dub.
2049 1333 2161 1394 bot.
2194 1333 2335 1413 gall.
2359 1353 2431 1418 p.
2464 1332 2625 1395 560.

666 1428 801 1491 DC.
819 1427 907 1515 fl.
929 1431 1022 1514 ft.
1063 1429 1125 1507 5,
1158 1455 1226 1515 p.
1269 1433 1413 1495 231.

746 1527 1034 1611 Hypuum
1077 1531 1441 1612 triquetrum
1466 1530 1741 1607 pminus.
1782 1518 1882 1590 W
1875 1526 1961 1588 eb
1981 1540 2040 1588 et
2068 1526 2256 1591 Most
2280 1527 2396 1589 bot.
2431 1527 2623 1589 tasch-

653 1644 720 1710 p.
765 1624 902 1702 354.
946 1622 1200 1710 Poafl.
1244 1644 1437 1687 veron.
1491 1625 1549 1701 3,
1589 1646 1654 1711 p.
1703 1623 1843 1706 357.

746 1719 1030 1802 Hypnnm
1075 1723 1505 1804 interruptum.
1549 1719 1717 1782 Brid.
1750 1740 1902 1806 spec.
1929 1741 2111 1782 σωκ.
2148 1741 2208 1797 2,
2230 1740 2296 1808 p.
2332 1720 2451 1804 ι94
2490 1721 2620 1804 (ex

663 1816 793 1899 ipso
833 1829 985 1877 auct.
1043 1818 1105 1877 in
1149 1819 1321 1878 mech.
1356 1837 1423 1905 p.
1475 1816 1653 1901 175).

747 1911 1032 2023 Hypnum
1077 1922 1345 1977 erectum
1390 1912 1586 1977 Radd.
1626 1915 1771 1977 criu.
1816 1932 1986 1975 nuov.
2033 1934 2068 1974 e
2107 1932 2226 1977 rar.
2260 1933 2326 1999 p.
2367 1862 2453 1988 6
2495 1911 2612 1975 tab.

667 2028 705 2068 2
748 2007 785 2090 (
785 2029 923 2070 mm.
967 2010 1068 2070 vis.
1076 2007 1123 2085 ).

751 2106 931 2169 Vaill.
974 2106 1088 2168 bot.
1122 2109 1309 2192 paris.
1354 2108 1472 2171 tab.
1517 2106 1755 2190 23,.fig
1804 2107 1896 2169 2?

746 2201 815 2263 ln
859 2202 1039 2280 sylvis
1080 2213 1144 2266 et
1183 2202 1331 2268 locis
1372 2204 1577 2281 aridis,
1619 2201 1902 2280 dumetis,
1923 2212 2054 2269 tum
2097 2204 2162 2265 in
2204 2201 2457 2286 planitie
2478 2209 2611 2264 tum

664 2300 729 2361 in
769 2298 1044 2378 collibus,
1087 2311 1149 2363 et
1172 2305 1254 2364 kin
1294 2304 1617 2366 montanis.

744 2398 952 2460 Caulis
1012 2399 1593 2481 tri-quadriuncialis
1632 2398 1764 2460 basi
1808 2395 2179 2460 decumbens
2243 2395 2561 2469 subnudus
2583 2441 2612 2471 ,

584 2553 591 2558 ,
660 2494 1001 2556 inordinate
1044 2515 1341 2558 ramosus.
1362 2497 1539 2558 Rami
1584 2494 1885 2579 simplices
1917 2494 2016 2558 vel
2046 2494 2217 2557 divisi
2245 2493 2611 2578 plerumque

660 2590 1119 2674 gracilescentes
1184 2596 1435 2656 incurvi.
1480 2591 1659 2655 Folia
1703 2591 1964 2655 obscure
2029 2593 2243 2654 viridia
2295 2590 2391 2652 vel
2461 2590 2612 2651 lute-

662 2689 889 2749 scentia
928 2687 1118 2749 nitida
1161 2691 1464 2764 exstriata,
1494 2688 1922 2771 perichaetialia
1957 2692 2199 2751 enervia
2241 2688 2611 2769 angustiora.

659 2784 806 2850 seta
847 2785 1210 2856 subuncialis
1244 2784 1426 2863 laevis,
1467 2785 1832 2869 capsulaque
1871 2806 2200 2870 purpurea.
2226 2781 2606 2867 Operculum

661 2885 938 2946 conicum
982 2883 1187 2946 breve.

732 2981 886 3046 ,Haec
928 2982 1159 3062 species
1191 2977 1299 3042 diu
1329 3001 1366 3042 a
1395 2978 1701 3046 nonnullis
1735 2975 1967 3066 Hypno
2009 2973 2280 3044 rutabulo
2310 2998 2451 3040 cum
2482 2997 2605 3059 quo

659 3098 775 3140 nec
813 3079 1127 3142 minimam
1168 3076 1355 3150 habet
1393 3068 1765 3141 adfinitatem
1807 3078 1999 3141 relata
2040 3078 2186 3155 fuit,
2224 3078 2322 3141 vel
2367 3072 2605 3163 Hypno

659 3175 937 3258 tn'queem
959 3220 979 3251 ,
1020 3175 1117 3237 cui
1159 3177 1445 3258 quamvis
1474 3177 1748 3259 proxima
1811 3176 2009 3260 probe
2051 3176 2439 3258 distinguitur
2482 3184 2605 3234 sta·
2679 3223 2692 3232 .

649 3279 798 3348 jura
839 3273 1095 3348 minore,
1135 3271 1423 3338 foliorum
1466 3272 1684 3348 forma,
1728 3282 1863 3348 etc„
1906 3292 2057 3355 quas
2091 3270 2462 3335 differentias
2493 3290 2604 3353 op-

656 3367 804 3429 time
845 3389 961 3451 pro
1006 3390 1179 3433 more
1243 3391 1357 3432 suo
1397 3369 1653 3431 tradidit
1702 3367 1969 3433 Greville
2010 3372 2075 3432 in
2131 3390 2317 3453 opere
2370 3361 2603 3451 pluries

657 3460 965 3526 laudato.
1402 3491 1427 3496 „.
1859 3523 1862 3526 ,
1949 3521 1958 3528 ,,

682 3617 687 3622 ,
736 3561 979 3623 leonem
1019 3561 1325 3625 Vaillantii
1391 3563 1470 3625 23
1495 3608 1513 3638 ,
1569 3560 1670 3647 fig.
1719 3585 1759 3625 2
1785 3609 1804 3640 ,
1868 3579 2050 3647 qnam
2109 3565 2196 3624 mi
2241 3562 2604 3622 monuimus

653 3657 929 3720 nonnulli
983 3659 1234 3722 trahunt
1287 3659 1367 3721 ad
1409 3656 1501 3722 H.
1544 3661 1878 3723 mtabulum
1905 3707 1924 3737 ,
1977 3663 2040 3722 ni
2096 3658 2365 3726 fallimur
2386 3704 2405 3734 ‚
2456 3657 2602 3719 huic

655 3749 872 3838 speciei
918 3755 1112 3818 multo
1155 3759 1352 3839 aptius
1397 3758 1608 3818 referri
1651 3769 1854 3841 potest
1893 3737 2283 3843 potiusquam
2312 3756 2450 3817 inae.
2477 3756 2599 3815 Nec

652 3851 830 3914 nobis
871 3851 1279 3936 improbabile
1323 3852 1562 3915 videtur
1604 3854 1996 3917 Vaillantium
2040 3874 2162 3936 prae
2207 3851 2397 3913 oculis
2440 3849 2596 3910 hanc

656 3944 929 4027 plantam
973 3946 1259 4014 babuisse
1283 3996 1302 4026 ,
1363 3971 1498 4032 quae
1542 3950 1783 4014 aliunde
1827 3952 2039 4015 crescit
2080 3952 2141 4011 in
2185 3948 2362 4026 sylvis
2406 3967 2594 4030 prope
2711 4035 2720 4039 ἱ
