2917 5052
675 322 754 384 28

684 434 958 492 tramiam
995 430 1401 513 pomg'sbrmem
1444 432 1499 491 et
1537 433 1810 513 crispam,
1838 450 1999 490 nunc
2041 433 2103 491 in
2143 451 2333 492 unum
2368 437 2627 516 conjun-

674 548 818 608 gere
863 530 1205 609 coegimur,
1247 547 1386 586 nam
1431 527 1657 608 pluries
1700 537 1762 586 et
1816 526 2018 587 denuo
2062 540 2423 609 comparatae
2469 531 2624 592 cha-

669 633 931 684 racteres
972 623 1191 704 quibus
1233 624 1348 684 illae
1392 627 1619 706 species
1663 623 1993 684 fulciuntur
2033 625 2257 685 nullius
2315 634 2621 690 momenti

670 716 846 777 nobis
886 721 1081 778 visum
1123 729 1253 793 est,
1295 740 1409 779 nec
1450 729 1789 779 constantes
1825 717 1948 778 ,illae
1992 723 2149 779 striae
2193 721 2414 802 quibus
2458 725 2618 786 folia

670 815 734 871 in
764 834 883 873 var.
926 818 984 892 β.
1026 816 1408 873 instruuntur
1447 817 1804 874 invenimus.
1839 813 1926 873 Cl.
1962 816 2181 875 Arnott
2211 815 2354 877 huic
2388 822 2619 901 speciei

668 910 924 969 nimium
968 908 1210 970 affinem
1276 908 1541 969 declarat
1581 910 1979 970 Bam-amiam
2019 909 2435 972 Hallerianam
2461 959 2485 987 ,
2551 925 2619 974 et

675 1024 884 1065 revera
925 1004 1222 1065 habemus
1266 1005 1496 1087 aliquot
1536 1005 1841 1119 individua
1883 1027 2016 1087 quae
2061 1011 2202 1069 setis
2243 1008 2618 1071 brevissimis

677 1099 756 1160 ad
798 1099 966 1160 illam
1008 1101 1318 1162 accedunt.

759 1194 1137 1270 Synonimon
1176 1196 1360 1257 Voitii
1424 1198 1592 1279 quod
1632 1196 1833 1257 Bridel
1887 1196 2073 1257 trahit
2122 1197 2201 1258 ad
2256 1211 2615 1280 sequentem

673 1293 935 1374 speciem
976 1292 1150 1353 nobis
1192 1293 1339 1354 huic
1376 1296 1582 1375 potius
1638 1303 1909 1374 spectare
1951 1293 2230 1368 videtur,
2274 1315 2416 1354 nam
2458 1317 2614 1379 prae·

673 1397 769 1448 ter
808 1388 950 1448 folia
992 1385 1258 1450 flexuosa
1301 1411 1432 1469 quae
1476 1389 1623 1450 Voit
1664 1389 1877 1447 tribuit
1929 1391 2158 1470 propiae
2222 1394 2443 1470 speciei
2468 1437 2487 1466 ‚
2543 1412 2616 1451 ea

671 1504 859 1545 nervo
903 1485 1103 1547 valido
1168 1495 1523 1546 excurrente
1577 1488 1870 1545 instructa
1919 1496 1982 1545 et
2022 1485 2336 1547 evidenter
2387 1498 2618 1549 serrata

675 1583 962 1643 declarat.

754 1680 1045 1757 Varietati
1068 1690 1289 1740 nostrae
1322 1680 1543 1739 minori
1578 1679 1737 1739 forte
1768 1689 1998 1760 spectat
2021 1682 2419 1765 Bartrangiam
2461 1685 2615 1764 ithy-

668 1776 942 1857 phyllam
974 1774 1034 1836 fl.
1066 1776 1259 1850 Ticin.
1292 1798 1477 1858 quam
1519 1779 1582 1836 in
1624 1775 1879 1837 collibus
1902 1777 1970 1837 di
1995 1779 2058 1840 S.
2100 1780 2457 1843 Golombano
2493 1782 2618 1844 fru-

678 1884 800 1932 stra
844 1877 1242 1955 quaesivimus.
1321 1905 1327 1912 ·

1254 2091 1308 2130 2.
1352 2071 1658 2130 Burnum
1702 2091 2035 2131 irminam.

708 2301 713 2306 ’
753 2279 819 2342 Β.
862 2278 1046 2338 Caule
1088 2278 1258 2338 brevi
1302 2277 1694 2358 subsimplici‚
1736 2277 1895 2337 foliis
1940 2286 2103 2337 arcte
2146 2277 2478 2337 imbricatis
2515 2298 2617 2338 su-

671 2376 927 2438 berectis
970 2376 1372 2457 rigidiusculis
1417 2374 1701 2435 subulato
1747 2378 1998 2435 setaceis
2044 2374 2306 2435 obscure
2346 2375 2618 2436 denticu-

671 2474 806 2535 latis
847 2495 1034 2534 nervo
1079 2495 1261 2555 supra
1303 2471 1575 2531 'medium
1618 2493 1729 2552 per
1772 2481 1965 2532 totam
2008 2473 2136 2532 folii
2174 2472 2620 2554 longitudinem

675 2594 934 2655 expanso
958 2618 976 2647 ,
1019 2581 1146 2631 seta
1188 2571 1470 2650 elongata
1524 2579 1755 2643 erecta,
1800 2570 2044 2651 capsula
2078 2569 2343 2652 -globosa
2385 2581 2619 2641 erecto-

675 2690 919 2743 cernua,
962 2667 1250 2749 operculo
1295 2685 1553 2724 convexo
1598 2665 1948 2726 mamillam.

727 2766 1092 2825 ·Bart1·amia
1145 2762 1499 2844 ithyphylla.
1544 2762 1708 2822 Bn'd.
1765 2764 2002 2823 muscol.
2053 2785 2114 2839 2,
2147 2786 2214 2845 p.
2260 2766 2317 2837 3,
2360 2785 2425 2846 p.
2479 2764 2619 2838 132,

675 2862 785 2923 tab.
839 2860 1027 2943 1,fig.
1064 2859 1120 2920 6.
1163 2858 1374 2936 Ejusd.
1418 2859 1587 2918 mech.
1624 2881 1694 2942 p.
1725 2858 1855 2919 116.
1901 2854 2177 2940 Schwoeg
2144 2880 2220 2919 ση
2251 2860 2439 2943 suppl.
2477 2881 2593 2935 1‚2
2598 2908 2619 2935 ,

667 2980 732 3041 p.
775 2957 882 3030 51,
930 2958 1047 3016 tab.
1116 2954 1213 3015 60.
1258 2952 1467 3033 Ejusd.
1510 2976 1595 3037 sp.
1647 2977 1824 3015 musc.
1880 2976 1929 3029 1,
1972 2978 2038 3039 p.
2100 2976 2228 3014 102.
2271 2957 2423 3014 Am.
2465 2943 2617 3039 disp.

673 3056 843 3114 mech.
879 3075 942 3136 p.
989 3051 1126 3113 288.
1168 3052 1364 3112 Hoolt.
1399 3064 1455 3111 et
1485 3052 1654 3136 Tayl.
1699 3074 1876 3112 masc.
1919 3053 2045 3112 brie.
2082 3074 2145 3135 p.
2188 3051 2325 3129 145,
2370 3053 2481 3112 tab.
2517 3073 2615 3112 22.

581 3135 585 3143 ’
672 3153 852 3214 Marc.
870 3151 959 3232 fl.
1003 3166 1185 3237 crypt.
1217 3152 1435 3229 erlang.
1472 3172 1537 3233 p.
1560 3150 1658 3211 55.
1692 3152 1850 3211 Dub.
1874 3151 1986 3211 bot.
2007 3152 2147 3231 gall.
2185 3172 2253 3233 p.
2285 3149 2425 3232 549
2463 3151 2614 3209 Poll.

660 3250 736 3329 fl.
782 3270 971 3309 veron.
1020 3250 1081 3322 3,
1114 3270 1179 3331 p.
1227 3245 1392 3307 383?

750 3348 1084 3407 Bartramia
1127 3345 1527 3427 pomiformiS.
1563 3342 1801 3408 Swartz
1831 3365 2010 3405 masc.
2053 3366 2203 3403 suec.
2227 3365 2290 3428 p.
2327 3346 2404 3426 73
2438 3344 2615 3425 (exc-l.

668 3464 796 3531 syn.
839 3446 1017 3505 Linn.
1059 3443 1203 3503 Dill.
1207 3441 1258 3520 ).
1294 3443 1489 3505 Web.
1537 3456 1594 3501 ec
1632 3441 1831 3503 Mohr.
1877 3443 1990 3503 boc.
2036 3443 2214 3503 tasch.
2252 3463 2317 3524 p.
2364 3440 2501 3502 261.

753 3542 847 3605 Ad
889 3552 1114 3602 terram
1157 3544 1221 3601 in
1261 3541 1573 3600 montibus
1620 3558 1804 3620 supra
1851 3536 2070 3600 Canz0.

754 3638 955 3700 Caulis
999 3637 1399 3699 semiuncialis
1442 3637 1805 3719 plerumque
1850 3637 2100 3720 simplex
2131 3638 2226 3697 vel
2260 3636 2511 3696 uncialis
2535 3638 2621 3697 in-

671 3735 1093 3799 novatiOnibus
1136 3756 1315 3795 causa
1358 3756 1633 3796 ramosus
1656 3747 1717 3796 et
1737 3739 2087 3818 fastigiatus.
2117 3735 2291 3797 Folia
2324 3734 2455 3794 basi
2489 3754 2618 3792 am-

670 3835 989 3916 plectentia
1012 3833 1311 3915 diaphana
1346 3832 1481 3892 laete
1514 3835 1743 3907 viridia,
1779 3834 2063 3894 inferiora
2087 3834 2448 3913 ferruginea.
2470 3830 2615 3892 Ner-

674 3956 780 3997 vus
823 3954 1004 4016 supra
1050 3929 1314 3994 medium
1374 3930 1653 3993 dilatatus
1698 3944 1758 3993 et
1801 3935 2104 4014 integrum
2172 3924 2385 3992 folium
2432 3950 2607 3990 occu-
