2917 5052
735 526 798 588 p.
827 498 963 585 298.
1008 499 1326 577 Schwaegrf.
1369 493 1558 577 suppl.
1604 513 1624 551 1
1635 517 1660 566 ,·
1693 511 1750 566 2,
1772 513 1848 575 p.
1887 493 2025 571 307.
2057 491 2221 552 Bria,
2252 495 2421 555 mech.
2449 502 2543 578 p..
2563 496 2735 559 186,

742 599 895 659 Arn.
953 586 1103 678 disp.
1167 595 1355 654 meth.·
1385 613 1449 674 p.
1512 585 1648 651 318.
1704 588 1942 650 Swartz
2010 610 2188 648 masc.
2250 611 2402 676 suec.
2456 614 2522 676 p.
2597 617 2726 675 72,

749 694 928 757 Weh.
968 705 1025 752 et
1063 690 1248 753 Mohr
1285 689 1397 748 bot.
1443 687 1621 747 tasch.
1657 706 1723 769 p.
1768 683 1907 766 376.
1950 683 2147 745 Hook.
2179 681 2461 767 et‘Tayl.
2503 709 2728 749 muse.

741 791 865 851 brie.
901 810 965 873 p.
1003 788 1134 865 140,
1177 786 1289 847 tab.
1338 805 1435 844 22.
1477 783 1709 844 Fiorin.
1752 780 1953 843 Mazz.
1997 781 2183 863 bryol.
2219 801 2449 844 roman.
2485 806 2550 868 p.
2605 790 2638 847 i
2648 809 2722 870 9.

740 887 923 950 Mart.
957 884 1034 965 fl.
1077 895 1261 967 crypt.
1325 881 1542 960 erlang.
1589 901 1657 963 p.
1713 878 1813 939 53.
1858 877 2012 938 Dub.
2075 878 2186 939 boc.
2248 879 2389 959 gall.
2437 901 2502 963 p.
2543 880 2726 947 553.

744 978 960 1045 Pollia.
978 978 1069 1060 fl.
1115 999 1306 1039 veron.
1352 977 1413 1050 3,
1442 997 1509 1059 p.
1555 972 1692 1050 384.
2085 1060 2088 1063 Ι

821 1075 1156 1139 Fontinalis
1199 1075 1445 1136 trifaria.
1493 1072 1634 1135 Voit
1672 1091 1851 1132 mmo.
1893 1071 2128 1153 her-bip-
2146 1090 2211 1152 p.
2265 1069 2398 1132 125.

826 1173 971 1232 Diu.
1015 1174 1145 1233 hist.
1187 1191 1366 1230 muse.
1411 1169 1524 1230 cab.
1571 1169 1669 1241 33,
1683 1166 1807 1250 fig.
1862 1187 1913 1227 1.
1957 1165 2134 1229 Vaill.
2178 1166 2302 1227 bot.
2327 1168 2516 1251 paris,
2569 1169 2713 1232 tab.

746 1269 845 1343 33,
871 1267 983 1349 fig
1028 1266 1087 1329 5.
1767 1264 1773 1269 ’
2293 1324 2302 1331 .

827 1363 893 1422 In
925 1363 1119 1437 fossis,
1152 1358 1625 1444 aquaeductibus,
1665 1359 1730 1417 in
1770 1358 1943 1439 aquis
1971 1355 2384 1439 stagnantibus
2424 1361 2712 1442 puriori-

741 1460 891 1536 buS,
933 1469 994 1520 et
1035 1460 1323 1520 fontibus,

826 1556 1029 1617 Caulis
1070 1554 1305 1637 pedalis
1348 1563 1409 1613 et
1449 1550 1612 1612 ultra
1636 1548 1965 1631 ,undique
2001 1559 2063 1610 et
2103 1549 2458 1612 inordinate
2486 1572 2706 1613 ramo-

745 1674 845 1714 sus
885 1652 1016 1711 basi
1060 1653 1226 1710 senio
1276 1648 1633 1709 denudatus,
1688 1645 1868 1707 Folia
1929 1645 2324 1728 viridi-opaca
2380 1644 2477 1707 vel
2520 1648 2702 1708 fusca

745 1749 1160 1828 approximata
1202 1748 1465 1805 carinata
1508 1753 1684 1803 acuta
1705 1789 1724 1819 ,
1780 1744 1994 1802 eximie
2035 1742 2268 1802 trifaria
2296 1743 2458 1804 unde
2500 1743 2698 1826 caulis

744 1845 1039 1922 triqueter
1081 1843 1350 1924 adparet,
1391 1842 1627 1923 juniora
1667 1839 1800 1898 laxa
1830 1835 2104 1920 patentia
2147 1838 2489 1920 pallidiora,
2531 1842 2700 1924 peri-

750 1937 1043 1999 chaetialia
1084 1948 1263 1997 ovata
1304 1956 1566 1997 concava
1608 1934 1849 1994 obtusa.

838 2058 875 2086 ee
902 2034 1194 2094 lnfarctus
1224 2052 1466 2093 muscus
1497 2034 1655 2091 inter
1678 2033 1977 2090 caminum
2004 2039 2065 2089 et
2094 2030 2388 2109 parietem
2418 2028 2691 2112 ligneum

755 2153 792 2180 ee
831 2129 1172 2191 incendium
1206 2137 1543 2212 'penetrare
1584 2147 1710 2186 non
1752 2128 1891 2187 sinit
1932 2152 1967 2182 u
2029 2125 2247 2206 (Lina.
2288 2125 2368 2202 fl.
2429 2147 2581 2189 suec.
2617 2148 2688 2211 p.

752 2225 915 2310 379)
957 2227 1120 2288 unde
1160 2247 1388 2290 nomen
1430 2221 1797 2309 specificum.

1351 2399 1823 2479 2.'F01‹·r11m.1s?
1864 2437 2094 2479 sutum.

827 2610 898 2670 F.
942 2608 1129 2672 Caule
1170 2607 1445 2669 fluitante
1489 2628 1735 2668 ramoso
1777 2607 1874 2669 vel
1908 2608 2184 2691 simplici,
2218 2607 2376 2670 foliis
2411 2609 2556 2671 laxis
2583 2630 2688 2693 pa-

748 2707 1014 2768 tentibus
1057 2707 1300 2766 alternis
1351 2705 1583 2765 bifariis
1636 2704 2329 2766 lanceolam-linearibus
2370 2710 2561 2767 acutis
2602 2711 2690 2769 in-

748 2806 931 2885 tegris
972 2822 1161 2863 nervo
1205 2803 1621 2882 ante‘apicem
1664 2813 2073 2863 evanescente.

830 2897 1214 2960 Fontinalis?
1257 2896 1495 2980 juliana.
1538 2898 1682 2958 Savi
1719 2900 1829 2958 boc.
1872 2913 2081 2959 etrusc.
2127 2901 2197 2974 3,
2233 2921 2299 2981 p.
2352 2919 2480 2980 107.
2526 2898 2681 2959 Dub.

748 2994 862 3055 boc.
901 2994 1041 3073 gall.
1068 2999 1143 3077 p.
1186 2992 1325 3069 554.
1369 2994 1581 3053 Pollia.
1598 2992 1687 3073 fl.
1732 3014 1921 3053 veron.
1968 2996 2029 3068 3,
2062 3016 2128 3078 p.
2174 2992 2311 3055 385.

835 3089 1285 3172 Skitophyllum
1316 3090 1771 3170 fontanumsse
1799 3091 1860 3150 Ia
1882 3092 2012 3172 Pyt.
2038 3094 2243 3169 Journ.
2275 3090 2349 3151 de
2371 3091 2483 3153 bot.
2516 3091 2687 3169 1814,

747 3205 885 3244 sem.
934 3206 991 3260 2,
1025 3207 1090 3269 p.
1143 3184 1275 3261 138,
1319 3186 1430 3247 tab.
1478 3186 1575 3261 34,
1602 3184 1713 3266 fig.
1758 3207 1793 3245 2
1839 3186 2038 3267 (nobis
2078 3209 2198 3247 non
2241 3186 2413 3265 visa).

828 3282 1199 3343 Dici-anum?
1254 3281 1816 3363 semicompletum‘?
1872 3282 2020 3343 Am.
2062 3283 2211 3366 disp.
2245 3286 2414 3345 mech.
2450 3306 2514 3368 p.
2550 3284 2690 3368 276.

831 3377 925 3437 Ad
966 3381 1229 3459 parietes
1269 3380 1590 3459 graniticas
1636 3377 1894 3437 fontium
1938 3381 1998 3437 in
2043 3379 2355 3441 suburbio.

828 3474 1031 3534 Cauiis
1073 3475 1322 3537 uncialis
1364 3474 1462 3534 vel
1497 3475 1949 3554 sesquiuncialis
1997 3476 2357 3558 plerumque
2401 3478 2694 3559 simplex,

746 3571 972 3629 rami'si
996 3572 1243 3650 quidem
1286 3570 1505 3629 adsunt
1525 3570 1757 3645 breves,
1791 3570 1935 3631 folia
1962 3572 2217 3632 obscure
2250 3573 2464 3633 viridia
2498 3594 2696 3655 opaca

745 3666 1050 3727 verticalia
1078 3670 1155 3726 ‘in
1196 3665 1384 3726 latere
1430 3668 1742 3748 superiore
1782 3667 1914 3729 basi
1939 3667 2263 3751 <duplicata
2306 3667 2693 3751 (folia‘scal-

752 3761 1135 3845 pelliformia.
1180 3761 1473 3844 Hedaew.).

666 3865 669 3868 ’
830 3858 973 3920 Haec
1014 3859 1259 3940 planta,
1303 3857 1409 3918 uhi
1454 3862 1801 3942 opinionem
1863 3870 2138 3920 nostram
2195 3861 2371 3922 nobis
2412 3843 2691 3942 proferre

749 3953 926 4016 liceat
947 4001 966 4032 ‚
1029 3954 1116 4016 nil
1176 3954 1342 4018 aliud
1383 3964 1474 4018 est
1514 3958 1627 4024 nisi
1671 3955 1947 4017 surculus
1995 3958 2246 4018 Dicrani
2282 3955 2694 4020 adianthoides
