<?xml version="1.0" encoding="UTF-8"?>
<!DOCTYPE html PUBLIC "-//W3C//DTD XHTML 1.0 Transitional//EN"
    "http://www.w3.org/TR/xhtml1/DTD/xhtml1-transitional.dtd">
<html xmlns="http://www.w3.org/1999/xhtml" xml:lang="en" lang="en">
 <head>
  <title>
</title>
<meta http-equiv="Content-Type" content="text/html;charset=utf-8" />
  <meta name='ocr-system' content='tesseract 3.04.00' />
  <meta name='ocr-capabilities' content='ocr_page ocr_carea ocr_par ocr_line ocrx_word'/>
</head>
<body>
  <div class='ocr_page' id='page_1' title='image "./prodromusbryolo00notagoog/prodromusbryolo00notagoog_0016.png"; bbox 0 0 2917 5052; ppageno 0'>
   <div class='ocr_carea' id='block_1_1' title="bbox 676 390 2626 611">
    <p class='ocr_par' dir='ltr' id='par_1_1' title="bbox 676 390 2626 611">
     <span class='ocr_line' id='line_1_1' title="bbox 676 390 716 452; baseline 0 0"><span class='ocrx_word' id='word_1_1' title='bbox 676 390 716 452; x_wconf 87' lang='grc'>8</span> 
     </span>
     <span class='ocr_line' id='line_1_2' title="bbox 680 498 2626 611; baseline 0.001 -27"><span class='ocrx_word' id='word_1_2' title='bbox 680 503 1035 606; x_wconf 90' lang='lat' dir='ltr'><strong>nomine,</strong></span> <span class='ocrx_word' id='word_1_3' title='bbox 1093 528 1339 584; x_wconf 90' lang='lat' dir='ltr'><strong>unam</strong></span> <span class='ocrx_word' id='word_1_4' title='bbox 1396 499 1528 583; x_wconf 90' lang='lat' dir='ltr'><strong>vel</strong></span> <span class='ocrx_word' id='word_1_5' title='bbox 1586 498 1819 584; x_wconf 90' lang='lat' dir='ltr'><strong>aliam</strong></span> <span class='ocrx_word' id='word_1_6' title='bbox 1895 499 2210 611; x_wconf 82' lang='lat' dir='ltr'>plagam</span> <span class='ocrx_word' id='word_1_7' title='bbox 2250 519 2468 584; x_wconf 81' lang='lat' dir='ltr'><strong>extra</strong></span> <span class='ocrx_word' id='word_1_8' title='bbox 2524 501 2626 585; x_wconf 93' lang='lat' dir='ltr'><strong>li-</strong></span> 
     </span>
    </p>
   </div>
   <div class='ocr_carea' id='block_1_2' title="bbox 619 654 2709 3993">
    <p class='ocr_par' dir='ltr' id='par_1_2' title="bbox 619 654 2625 2458">
     <span class='ocr_line' id='line_1_3' title="bbox 677 654 2622 769; baseline -0.001 -28"><span class='ocrx_word' id='word_1_9' title='bbox 677 658 915 741; x_wconf 85' lang='lat' dir='ltr'><strong>mites</strong></span> <span class='ocrx_word' id='word_1_10' title='bbox 994 654 1147 740; x_wconf 89' lang='lat' dir='ltr'><strong>sibi</strong></span> <span class='ocrx_word' id='word_1_11' title='bbox 1213 656 1671 769; x_wconf 90' lang='lat' dir='ltr'><strong>propositos</strong></span> <span class='ocrx_word' id='word_1_12' title='bbox 1755 675 2301 768; x_wconf 91' lang='lat' dir='ltr'><strong>susceperunt.</strong></span> <span class='ocrx_word' id='word_1_13' title='bbox 2363 655 2622 740; x_wconf 90' lang='lat' dir='ltr'><strong>Meri-</strong></span> 
     </span>
     <span class='ocr_line' id='line_1_4' title="bbox 678 807 2613 923; baseline -0.001 -26"><span class='ocrx_word' id='word_1_14' title='bbox 678 811 898 897; x_wconf 88' lang='lat' dir='ltr'><strong>diem</strong></span> <span class='ocrx_word' id='word_1_15' title='bbox 958 840 1236 916; x_wconf 89' lang='lat' dir='ltr'><strong>versus</strong></span> <span class='ocrx_word' id='word_1_16' title='bbox 1318 809 1564 923; x_wconf 91' lang='lat' dir='ltr'><strong>paulo</strong></span> <span class='ocrx_word' id='word_1_17' title='bbox 1646 807 1860 893; x_wconf 91' lang='lat' dir='ltr'><strong>ultra</strong></span> <span class='ocrx_word' id='word_1_18' title='bbox 1915 809 2210 893; x_wconf 91' lang='lat' dir='ltr'><strong>limites</strong></span> <span class='ocrx_word' id='word_1_19' title='bbox 2268 810 2613 897; x_wconf 78' lang='lat' dir='ltr'><strong>culturae</strong></span> 
     </span>
     <span class='ocr_line' id='line_1_5' title="bbox 684 960 2617 1077; baseline -0.001 -29"><span class='ocrx_word' id='word_1_20' title='bbox 684 962 986 1074; x_wconf 86' lang='lat' dir='ltr'><strong>Oryzae</strong></span> <span class='ocrx_word' id='word_1_21' title='bbox 1021 961 1398 1077; x_wconf 83' lang='lat' dir='ltr'><strong>praefixos</strong></span> <span class='ocrx_word' id='word_1_22' title='bbox 1426 961 1962 1075; x_wconf 90' lang='lat' dir='ltr'><strong>pervenimus.</strong></span> <span class='ocrx_word' id='word_1_23' title='bbox 1994 960 2407 1085; x_wconf 85' lang='lat' dir='ltr'><strong>Numerus</strong></span> <span class='ocrx_word' id='word_1_24' title='bbox 2437 993 2617 1076; x_wconf 91' lang='lat' dir='ltr'><strong>spe-</strong></span> 
     </span>
     <span class='ocr_line' id='line_1_6' title="bbox 677 1116 2615 1230; baseline -0.001 -28"><span class='ocrx_word' id='word_1_25' title='bbox 677 1121 984 1203; x_wconf 89' lang='lat' dir='ltr'><strong>cierum</strong></span> <span class='ocrx_word' id='word_1_26' title='bbox 1019 1119 1107 1200; x_wconf 91' lang='lat' dir='ltr'><strong>in</strong></span> <span class='ocrx_word' id='word_1_27' title='bbox 1144 1118 1292 1200; x_wconf 90' lang='lat' dir='ltr'><strong>hac</strong></span> <span class='ocrx_word' id='word_1_28' title='bbox 1329 1116 1597 1230; x_wconf 91' lang='lat' dir='ltr'><strong>opella</strong></span> <span class='ocrx_word' id='word_1_29' title='bbox 1633 1134 1908 1199; x_wconf 83' lang='lat' dir='ltr'><strong>nostra</strong></span> <span class='ocrx_word' id='word_1_30' title='bbox 1948 1136 2615 1201; x_wconf 87' lang='lat' dir='ltr'><strong>enumeratarum</strong></span> 
     </span>
     <span class='ocr_line' id='line_1_7' title="bbox 681 1269 2621 1385; baseline -0.002 -29"><span class='ocrx_word' id='word_1_31' title='bbox 681 1293 803 1356; x_wconf 89' lang='lat' dir='ltr'><strong>est</strong></span> <span class='ocrx_word' id='word_1_32' title='bbox 858 1269 1091 1357; x_wconf 86' lang='lat' dir='ltr'><strong>valde</strong></span> <span class='ocrx_word' id='word_1_33' title='bbox 1147 1272 1632 1385; x_wconf 90' lang='lat' dir='ltr'><strong>conspicuus</strong></span> <span class='ocrx_word' id='word_1_34' title='bbox 1690 1271 2001 1354; x_wconf 90' lang='lat' dir='ltr'><strong>ratione</strong></span> <span class='ocrx_word' id='word_1_35' title='bbox 2042 1269 2319 1353; x_wconf 90' lang='lat' dir='ltr'><strong>habita</strong></span> <span class='ocrx_word' id='word_1_36' title='bbox 2360 1272 2621 1380; x_wconf 87' lang='lat' dir='ltr'><strong>regio-</strong></span> 
     </span>
     <span class='ocr_line' id='line_1_8' title="bbox 681 1424 2620 1549; baseline 0.002 -41"><span class='ocrx_word' id='word_1_37' title='bbox 681 1426 806 1509; x_wconf 88' lang='lat' dir='ltr'><strong>nis</strong></span> <span class='ocrx_word' id='word_1_38' title='bbox 863 1455 1110 1543; x_wconf 89' lang='lat' dir='ltr'><strong>quam</strong></span> <span class='ocrx_word' id='word_1_39' title='bbox 1163 1429 1802 1549; x_wconf 79' lang='lat' dir='ltr'><strong>peragravimuS,</strong></span> <span class='ocrx_word' id='word_1_40' title='bbox 1860 1424 2009 1508; x_wconf 91' lang='lat' dir='ltr'><strong>ubi</strong></span> <span class='ocrx_word' id='word_1_41' title='bbox 2066 1426 2224 1508; x_wconf 90' lang='lat' dir='ltr'><strong>nisi</strong></span> <span class='ocrx_word' id='word_1_42' title='bbox 2283 1426 2620 1540; x_wconf 87' lang='lat' dir='ltr'><strong>excipias</strong></span> 
     </span>
     <span class='ocr_line' id='line_1_9' title="bbox 681 1576 2618 1664; baseline -0.001 -1"><span class='ocrx_word' id='word_1_43' title='bbox 681 1580 1083 1664; x_wconf 89' lang='lat' dir='ltr'><strong>immissos</strong></span> <span class='ocrx_word' id='word_1_44' title='bbox 1137 1597 1461 1661; x_wconf 91' lang='lat' dir='ltr'><strong>montes</strong></span> <span class='ocrx_word' id='word_1_45' title='bbox 1521 1576 1795 1662; x_wconf 83' lang='lat' dir='ltr'><strong>Canzo</strong></span> <span class='ocrx_word' id='word_1_46' title='bbox 1854 1593 1937 1660; x_wconf 88' lang='lat' dir='ltr'><strong>et</strong></span> <span class='ocrx_word' id='word_1_47' title='bbox 1995 1578 2270 1662; x_wconf 84' lang='lat' dir='ltr'><strong>Sancti</strong></span> <span class='ocrx_word' id='word_1_48' title='bbox 2327 1576 2618 1664; x_wconf 73' lang='lat' dir='ltr'><strong>Salva-</strong></span> 
     </span>
     <span class='ocr_line' id='line_1_10' title="bbox 619 1690 2625 1853; baseline 0.002 -40"><span class='ocrx_word' id='word_1_49' title='bbox 619 1690 624 1712; x_wconf 40' lang='grc' dir='ltr'>ι</span> <span class='ocrx_word' id='word_1_50' title='bbox 688 1735 922 1834; x_wconf 73' lang='lat' dir='ltr'><strong>toriS,</strong></span> <span class='ocrx_word' id='word_1_51' title='bbox 1002 1729 1338 1844; x_wconf 91' lang='lat' dir='ltr'><strong>paludes</strong></span> <span class='ocrx_word' id='word_1_52' title='bbox 1397 1729 1503 1829; x_wconf 91' lang='lat' dir='ltr'><strong>ad</strong></span> <span class='ocrx_word' id='word_1_53' title='bbox 1560 1731 1769 1842; x_wconf 85' lang='lat' dir='ltr'><strong>ripas</strong></span> <span class='ocrx_word' id='word_1_54' title='bbox 1830 1729 2157 1814; x_wconf 89' lang='lat' dir='ltr'><strong>lacuum</strong></span> <span class='ocrx_word' id='word_1_55' title='bbox 2218 1749 2302 1814; x_wconf 89' lang='lat' dir='ltr'><strong>et</strong></span> <span class='ocrx_word' id='word_1_56' title='bbox 2359 1732 2625 1853; x_wconf 81' lang='lat' dir='ltr'><strong>sylvas</strong></span> 
     </span>
     <span class='ocr_line' id='line_1_11' title="bbox 688 1858 2624 2000; baseline 0.002 -33"><span class='ocrx_word' id='word_1_57' title='bbox 688 1883 957 1967; x_wconf 85' lang='lat' dir='ltr'><strong>Ticini</strong></span> <span class='ocrx_word' id='word_1_58' title='bbox 980 1947 1003 1983; x_wconf 89' lang='lat'><strong>,</strong></span> <span class='ocrx_word' id='word_1_59' title='bbox 1071 1882 1484 2000; x_wconf 85' lang='lat' dir='ltr'><strong>reliquum</strong></span> <span class='ocrx_word' id='word_1_60' title='bbox 1550 1885 2052 1968; x_wconf 86' lang='lat' dir='ltr'><strong>territorium</strong></span> <span class='ocrx_word' id='word_1_61' title='bbox 2110 1858 2624 1970; x_wconf 88' lang='lat' dir='ltr'><strong>constituunt</strong></span> 
     </span>
     <span class='ocr_line' id='line_1_12' title="bbox 684 2035 2624 2142; baseline 0.002 -22"><span class='ocrx_word' id='word_1_62' title='bbox 684 2035 883 2121; x_wconf 86' lang='lat' dir='ltr'><strong>aridi</strong></span> <span class='ocrx_word' id='word_1_63' title='bbox 941 2036 1210 2142; x_wconf 89' lang='lat' dir='ltr'><strong>colles,</strong></span> <span class='ocrx_word' id='word_1_64' title='bbox 1270 2039 1684 2121; x_wconf 90' lang='lat' dir='ltr'><strong>inamaena</strong></span> <span class='ocrx_word' id='word_1_65' title='bbox 1724 2059 1806 2122; x_wconf 93' lang='lat' dir='ltr'><strong>et</strong></span> <span class='ocrx_word' id='word_1_66' title='bbox 1843 2037 2283 2123; x_wconf 85' lang='lat' dir='ltr'><strong>aridissima</strong></span> <span class='ocrx_word' id='word_1_67' title='bbox 2335 2043 2624 2126; x_wconf 88' lang='lat' dir='ltr'><strong>ericeta</strong></span> 
     </span>
     <span class='ocr_line' id='line_1_13' title="bbox 686 2190 2624 2310; baseline 0.005 -38"><span class='ocrx_word' id='word_1_68' title='bbox 686 2190 1158 2306; x_wconf 80' lang='lat' dir='ltr'><strong>(Bruglziere</strong></span> <span class='ocrx_word' id='word_1_69' title='bbox 1178 2200 1230 2299; x_wconf 93' lang='lat'><strong>),</strong></span> <span class='ocrx_word' id='word_1_70' title='bbox 1281 2194 1488 2301; x_wconf 89' lang='lat' dir='ltr'><strong>agri,</strong></span> <span class='ocrx_word' id='word_1_71' title='bbox 1545 2196 1865 2297; x_wconf 82' lang='lat' dir='ltr'><strong>vineae,</strong></span> <span class='ocrx_word' id='word_1_72' title='bbox 1912 2214 2161 2305; x_wconf 90' lang='lat' dir='ltr'><strong>prata,</strong></span> <span class='ocrx_word' id='word_1_73' title='bbox 2198 2195 2285 2277; x_wconf 90' lang='lat' dir='ltr'><strong>in</strong></span> <span class='ocrx_word' id='word_1_74' title='bbox 2324 2195 2624 2310; x_wconf 86' lang='lat' dir='ltr'><strong>quibus</strong></span> 
     </span>
     <span class='ocr_line' id='line_1_14' title="bbox 681 2343 2276 2458; baseline 0.004 -33"><span class='ocrx_word' id='word_1_75' title='bbox 681 2343 1079 2456; x_wconf 85' lang='lat' dir='ltr'><strong>plantulae</strong></span> <span class='ocrx_word' id='word_1_76' title='bbox 1135 2365 1437 2429; x_wconf 85' lang='lat' dir='ltr'><strong>nostrae</strong></span> <span class='ocrx_word' id='word_1_77' title='bbox 1494 2376 1674 2428; x_wconf 91' lang='lat' dir='ltr'><strong>raro</strong></span> <span class='ocrx_word' id='word_1_78' title='bbox 1732 2346 2276 2458; x_wconf 85' lang='lat' dir='ltr'><strong>hospitantur.</strong></span> 
     </span>
    </p>

    <p class='ocr_par' dir='ltr' id='par_1_3' title="bbox 682 2473 2709 3993">
     <span class='ocr_line' id='line_1_15' title="bbox 794 2473 2623 2619; baseline 0.007 -42"><span class='ocrx_word' id='word_1_79' title='bbox 794 2494 1040 2578; x_wconf 92' lang='lat' dir='ltr'><strong>Flora</strong></span> <span class='ocrx_word' id='word_1_80' title='bbox 1095 2473 1634 2600; x_wconf 76' lang='lat' dir='ltr'><strong>Veronensis,</strong></span> <span class='ocrx_word' id='word_1_81' title='bbox 1694 2498 2039 2610; x_wconf 86' lang='lat' dir='ltr'><strong>exempli</strong></span> <span class='ocrx_word' id='word_1_82' title='bbox 2097 2502 2378 2607; x_wconf 86' lang='lat' dir='ltr'><strong>gratia,</strong></span> <span class='ocrx_word' id='word_1_83' title='bbox 2438 2535 2623 2619; x_wconf 83' lang='lat' dir='ltr'><strong>quae</strong></span> 
     </span>
     <span class='ocr_line' id='line_1_16' title="bbox 682 2648 2619 2771; baseline 0.005 -39"><span class='ocrx_word' id='word_1_84' title='bbox 682 2648 928 2732; x_wconf 89' lang='lat' dir='ltr'><strong>Flora</strong></span> <span class='ocrx_word' id='word_1_85' title='bbox 969 2649 1222 2764; x_wconf 81' lang='lat' dir='ltr'><strong>Italiae</strong></span> <span class='ocrx_word' id='word_1_86' title='bbox 1253 2650 1916 2763; x_wconf 88' lang='lat' dir='ltr'><strong>Septentrionalis</strong></span> <span class='ocrx_word' id='word_1_87' title='bbox 1939 2653 2117 2763; x_wconf 90' lang='lat' dir='ltr'><strong>jure</strong></span> <span class='ocrx_word' id='word_1_88' title='bbox 2157 2656 2619 2771; x_wconf 88' lang='lat' dir='ltr'><strong>meritoque</strong></span> 
     </span>
     <span class='ocr_line' id='line_1_17' title="bbox 695 2802 2709 2928; baseline 0.003 -43"><span class='ocrx_word' id='word_1_89' title='bbox 695 2802 1176 2928; x_wconf 59' lang='lat' dir='ltr'><strong>appellatur,</strong></span> <span class='ocrx_word' id='word_1_90' title='bbox 1236 2816 1422 2919; x_wconf 71' lang='lat' dir='ltr'><strong>‘quae</strong></span> <span class='ocrx_word' id='word_1_91' title='bbox 1479 2803 1803 2889; x_wconf 90' lang='lat' dir='ltr'><strong>nivibus</strong></span> <span class='ocrx_word' id='word_1_92' title='bbox 1866 2806 2182 2889; x_wconf 83' lang='lat' dir='ltr'><strong>aeternis</strong></span> <span class='ocrx_word' id='word_1_93' title='bbox 2242 2828 2622 2891; x_wconf 87' lang='lat' dir='ltr'><strong>coronata</strong></span> <span class='ocrx_word' id='word_1_94' title='bbox 2706 2903 2709 2906; x_wconf 38' lang='grc'>,</span> 
     </span>
     <span class='ocr_line' id='line_1_18' title="bbox 686 2954 2614 3069; baseline 0.003 -30"><span class='ocrx_word' id='word_1_95' title='bbox 686 2954 1123 3041; x_wconf 87' lang='lat' dir='ltr'><strong>editissima</strong></span> <span class='ocrx_word' id='word_1_96' title='bbox 1179 2956 1484 3069; x_wconf 89' lang='lat' dir='ltr'><strong>alpium</strong></span> <span class='ocrx_word' id='word_1_97' title='bbox 1539 2959 1728 3069; x_wconf 85' lang='lat' dir='ltr'><strong>juga</strong></span> <span class='ocrx_word' id='word_1_98' title='bbox 1785 2978 2109 3043; x_wconf 89' lang='lat' dir='ltr'><strong>montes</strong></span> <span class='ocrx_word' id='word_1_99' title='bbox 2167 2959 2332 3044; x_wconf 89' lang='lat' dir='ltr'><strong>fere</strong></span> <span class='ocrx_word' id='word_1_100' title='bbox 2369 2961 2614 3046; x_wconf 91' lang='lat' dir='ltr'><strong>innu-</strong></span> 
     </span>
     <span class='ocr_line' id='line_1_19' title="bbox 687 3111 2619 3227; baseline 0.004 -35"><span class='ocrx_word' id='word_1_101' title='bbox 687 3131 1013 3211; x_wconf 71' lang='lat' dir='ltr'><strong>meros,</strong></span> <span class='ocrx_word' id='word_1_102' title='bbox 1045 3112 1680 3227; x_wconf 90' lang='lat' dir='ltr'><strong>innumerosque</strong></span> <span class='ocrx_word' id='word_1_103' title='bbox 1738 3111 1985 3195; x_wconf 91' lang='lat' dir='ltr'><strong>colles</strong></span> <span class='ocrx_word' id='word_1_104' title='bbox 2008 3176 2033 3217; x_wconf 96' lang='lat'><strong>,</strong></span> <span class='ocrx_word' id='word_1_105' title='bbox 2090 3113 2619 3226; x_wconf 89' lang='lat' dir='ltr'><strong>Apenninum</strong></span> 
     </span>
     <span class='ocr_line' id='line_1_20' title="bbox 682 3235 2620 3387; baseline 0.003 -42"><span class='ocrx_word' id='word_1_106' title='bbox 682 3260 1174 3379; x_wconf 87' lang='lat' dir='ltr'><strong>Vallemque</strong></span> <span class='ocrx_word' id='word_1_107' title='bbox 1212 3235 1696 3373; x_wconf 85' lang='lat' dir='ltr'><strong>uliginosam</strong></span> <span class='ocrx_word' id='word_1_108' title='bbox 1734 3262 1961 3363; x_wconf 87' lang='lat' dir='ltr'><strong>Padi,</strong></span> <span class='ocrx_word' id='word_1_109' title='bbox 2001 3265 2201 3387; x_wconf 86' lang='lat' dir='ltr'><strong>quin</strong></span> <span class='ocrx_word' id='word_1_110' title='bbox 2238 3268 2408 3349; x_wconf 91' lang='lat' dir='ltr'><strong>imo</strong></span> <span class='ocrx_word' id='word_1_111' title='bbox 2445 3267 2620 3379; x_wconf 86' lang='lat' dir='ltr'><strong>Ty·-</strong></span> 
     </span>
     <span class='ocr_line' id='line_1_21' title="bbox 688 3413 2621 3531; baseline 0.003 -34"><span class='ocrx_word' id='word_1_112' title='bbox 688 3413 954 3517; x_wconf 91' lang='lat' dir='ltr'><strong>rolim,</strong></span> <span class='ocrx_word' id='word_1_113' title='bbox 1009 3417 1567 3531; x_wconf 88' lang='lat' dir='ltr'><strong>integramque</strong></span> <span class='ocrx_word' id='word_1_114' title='bbox 1607 3417 2023 3500; x_wconf 87' lang='lat' dir='ltr'><strong>Etruriam</strong></span> <span class='ocrx_word' id='word_1_115' title='bbox 2075 3418 2621 3529; x_wconf 77' lang='lat' dir='ltr'><strong>amplectitur,</strong></span> 
     </span>
     <span class='ocr_line' id='line_1_22' title="bbox 687 3572 2624 3685; baseline 0.003 -34"><span class='ocrx_word' id='word_1_116' title='bbox 687 3587 1020 3685; x_wconf 85' lang='lat' dir='ltr'><strong>centum</strong></span> <span class='ocrx_word' id='word_1_117' title='bbox 1086 3589 1185 3675; x_wconf 76' lang='lat' dir='ltr'><strong>¹et</strong></span> <span class='ocrx_word' id='word_1_118' title='bbox 1264 3572 1770 3681; x_wconf 85' lang='lat' dir='ltr'><strong>septuaginta</strong></span> <span class='ocrx_word' id='word_1_119' title='bbox 1863 3572 2223 3685; x_wconf 87' lang='lat' dir='ltr'><strong>quinque</strong></span> <span class='ocrx_word' id='word_1_120' title='bbox 2312 3573 2624 3657; x_wconf 91' lang='lat' dir='ltr'><strong>circiter</strong></span> 
     </span>
     <span class='ocr_line' id='line_1_23' title="bbox 689 3719 2620 3844; baseline 0.005 -42"><span class='ocrx_word' id='word_1_121' title='bbox 689 3719 1165 3805; x_wconf 89' lang='lat' dir='ltr'><strong>Muscorum</strong></span> <span class='ocrx_word' id='word_1_122' title='bbox 1224 3726 1524 3844; x_wconf 90' lang='lat' dir='ltr'><strong>species</strong></span> <span class='ocrx_word' id='word_1_123' title='bbox 1585 3723 1987 3824; x_wconf 86' lang='lat' dir='ltr'><strong>describit,</strong></span> <span class='ocrx_word' id='word_1_124' title='bbox 2030 3756 2277 3839; x_wconf 88' lang='lat' dir='ltr'><strong>quem</strong></span> <span class='ocrx_word' id='word_1_125' title='bbox 2332 3757 2620 3811; x_wconf 91' lang='lat' dir='ltr'><strong>nume-</strong></span> 
     </span>
     <span class='ocr_line' id='line_1_24' title="bbox 689 3875 2619 3993; baseline 0.003 -35"><span class='ocrx_word' id='word_1_126' title='bbox 689 3903 873 3959; x_wconf 86' lang='lat' dir='ltr'><strong>rum</strong></span> <span class='ocrx_word' id='word_1_127' title='bbox 929 3875 1155 3988; x_wconf 88' lang='lat' dir='ltr'><strong>parvi</strong></span> <span class='ocrx_word' id='word_1_128' title='bbox 1212 3904 1380 3960; x_wconf 88' lang='lat' dir='ltr'><strong>esse</strong></span> <span class='ocrx_word' id='word_1_129' title='bbox 1438 3880 1866 3980; x_wconf 89' lang='lat' dir='ltr'><strong>momenti,</strong></span> <span class='ocrx_word' id='word_1_130' title='bbox 1925 3878 2070 3993; x_wconf 88' lang='lat' dir='ltr'><strong>qui</strong></span> <span class='ocrx_word' id='word_1_131' title='bbox 2126 3878 2374 3992; x_wconf 89' lang='lat' dir='ltr'><strong>Alpes</strong></span> <span class='ocrx_word' id='word_1_132' title='bbox 2435 3879 2619 3964; x_wconf 89' lang='lat' dir='ltr'><strong>her-</strong></span> 
     </span>
    </p>
   </div>
  </div>
 </body>
</html>
