2917 5052
733 439 845 483 122

799 526 893 588 Ad
932 537 1157 588 terram
1198 525 1460 610 lutosam
1500 527 1563 588 in
1593 522 1821 585 fissuris
1867 526 2109 606 rupium
2154 546 2190 585 a
2231 526 2295 587 S.
2339 526 2670 590 Salvator-0

715 643 909 706 prope
947 622 1153 697 Erba,
1194 630 1256 682 et
1296 623 1356 682 in
1399 622 1625 682 maeniis
1667 619 1855 681 urbis.

795 718 998 781 Caulis
1049 718 1305 781 linearis.
1351 717 1528 779 Folia
1573 719 1835 778 siccitate
1867 726 2142 780 contorta
2167 762 2186 792 ,
2231 718 2473 779 madida
2523 720 2668 781 for-

711 835 875 876 mam
916 818 1223 876 incurvam
1266 813 1531 874 offerunt
1576 822 1635 872 et
1675 822 1925 894 propter
1975 815 2277 895 margines
2333 812 2665 875 revolutos

713 911 1099 973 canaliculata
1152 910 1467 984 videntur,
1519 928 1772 969 nervosa
1795 953 1813 982 ,
1854 928 2041 968 nervo
2083 909 2161 968 ad
2203 909 2432 990 apicem
2478 910 2660 970 rufe·

712 1018 930 1069 scente.
964 1006 1106 1067 seta
1148 1024 1249 1067 sex
1276 1015 1382 1066 aut
1414 1012 1551 1066 octo
1592 1002 1779 1066 lineas
1812 1001 1992 1084 longa
2025 1003 2348 1064 rufescenS.
2377 1002 2654 1087 Capsula

713 1103 1197 1259 nblgnffmfime
1250 1196 1580 1259 comitissae
1631 1192 1991 1257 Elisabethae
2049 1195 2282 1256 Fiorini
2344 1195 2650 1258 Mazzanti

707 1293 969 1378 plurima
1012 1295 1326 1370 synonima
1354 1292 1723 1359 excludenda
1759 1312 1885 1362 esse
1920 1292 2196 1368 diximus,
2227 1313 2366 1354 nam
2406 1312 2476 1353 ex
2511 1314 2651 1376 spe-

704 1388 1022 1451 ciminibus
1064 1388 1142 1450 ab
1183 1391 1312 1473 ipsa
1335 1390 1566 1458 Fiorini,
1601 1390 1793 1448 missis
1837 1396 1899 1447 et
1940 1407 2011 1447 ex
2054 1385 2454 1469 descriptione
2480 1390 2648 1449 Tor·

703 1484 895 1547 tulam
936 1506 1108 1549 suam
1150 1506 1355 1548 veram
1398 1505 1528 1546 esse
1572 1484 1832 1566 rigidam
1877 1493 1940 1544 et
1978 1504 2102 1543 non
2136 1491 2417 1545 enervem
2453 1484 2645 1547 adfir-

700 1602 936 1644 mamus
959 1628 978 1658 ,
1029 1584 1118 1645 uti
1161 1602 1233 1643 ex
1273 1580 1687 1658 synonimibus
1729 1580 1810 1640 ab
1852 1582 1984 1663 ipsa
2046 1581 2237 1641 citatis
2299 1584 2501 1663 primo
2543 1584 2643 1643 in·

699 1681 859 1740 tuitu
899 1678 1225 1739 videretur.

1329 1867 1452 1932 XII.
1497 1868 1998 1932 DIDYMODON.

778 2062 1017 2125 Swarcz
1043 2084 1221 2125 muse.
1248 2084 1399 2125 suec.
1424 2085 1489 2147 p.
1523 2062 1619 2126 28.
1662 2059 1892 2126 Hedw.
1921 2084 2009 2148 sp.
2045 2084 2110 2146 p.
2146 2064 2275 2141 104.
2309 2065 2633 2146 Schwoegr.

699 2159 889 2242 suppl.
934 2180 1000 2234 1,
1052 2180 1198 2242 1,p.
1244 2159 1375 2221 116.
1417 2157 1623 2222 Hook.
1663 2172 1723 2221 et
1768 2160 1938 2244 Tayl.
1981 2181 2159 2223 muse.
2201 2160 2328 2221 bric.
2364 2182 2429 2243 p.
2480 2164 2631 2239 113,

698 2255 813 2317 tab.
856 2276 911 2316 2.
952 2253 1103 2316 Am.
1143 2253 1608 2340 dispmethp.
1652 2253 1795 2322 282.

774 2353 1014 2414 Dicrani
1053 2372 1204 2435 spec.
1245 2352 1470 2416 Hedw.
1506 2352 1695 2436 fund.
1749 2373 1933 2415 masc.
1971 2365 2030 2413 et
2065 2372 2217 2437 spec.
2270 2372 2449 2413 muse.
2492 2350 2629 2413 Tri-

692 2445 987 2508 chostomi
1027 2447 1181 2532 spec.
1218 2448 1439 2515 Hedw.
1483 2472 1570 2534 sp.
1612 2470 1792 2511 muse.
1846 2448 2121 2514 Weissiae
2184 2469 2337 2534 spec.
2393 2446 2621 2516 Hedw.

690 2545 852 2628 stirp.
894 2557 951 2605 et
986 2566 1142 2629 spec.
1183 2565 1365 2607 mus-c.

788 2706 948 2781 Seta
1004 2708 1435 2798 terminalis,
1488 2712 1871 2807 peristoma
1923 2711 2231 2810 simplex
2280 2710 2619 2785 dentibus

700 2820 786 2895 16
834 2836 956 2894 aut
1007 2824 1099 2895 32
1153 2821 1538 2907 linearibus
1590 2824 1798 2895 rectis
1851 2848 1980 2920 per
2032 2826 2228 2921 paria
2281 2828 2619 2922 approxi-

688 2934 932 3028 matis,
970 2945 1094 3005 aut
1140 2931 1293 3005 basi
1343 2932 1793 3031 subcoalitis‚
1845 2935 2166 3036 calyptra
2220 2935 2616 3025 dimidiata,
2674 2924 2684 2931 ”

1117 3161 1167 3201 1.
1209 3141 1397 3203 Foliis
1440 3146 1629 3204 ovatis
1671 3142 1769 3205 vel
1811 3143 2175 3207 lanceolatis.

1217 3358 1266 3397 1.
1309 3338 1633 3400 Dmmonon
1678 3358 2076 3409 mnenon-rm«.

755 3528 829 3589 D.
872 3527 1058 3589 Caule
1101 3529 1383 3612 elongato
1431 3529 1684 3613 simplici
1734 3532 1826 3591 vel
1872 3531 2082 3607 diviso,
2115 3528 2272 3593 foliis
2315 3532 2613 3617 oblongo-

663 3621 1019 3686 sslanceolatis
1082 3628 1331 3709 integris
1374 3630 1652 3687 concavis
1694 3649 1882 3689 nervo
1923 3629 2126 3691 valido
2176 3628 2337 3691 ultra
2377 3634 2613 3712 apicem

673 3721 970 3803 producto
1011 3721 1283 3804 piliferis,
1324 3723 1568 3806 capsula
1613 3722 1894 3881 elliptica,
1932 3726 2222 3809 operculo
2256 3726 2467 3788 conico
2511 3747 2611 3787 ro·

673 3827 861 3880 strato
903 3822 1172 3881 incurvo.

752 3915 1138 3994 Didymodon
1179 3915 1611 3980 lanceolatum.
1642 3921 1799 3981 Bals.
1842 3931 1901 3985 et
1941 3921 2039 3982 De
2079 3922 2219 3984 Not.
2248 3921 2432 4007 bryol.
2468 3917 2598 3982 Me·

668 4008 809 4075 diol.
851 4033 983 4073 mss.
1025 4007 1290 4076 Eorund.
1331 4035 1510 4077 muse.
1552 4014 1793 4080 Mediol.
1839 4017 2050 4078 exsicc.
2075 4016 2235 4099 fasc.
2279 4017 2416 4092 III,
2461 4014 2560 4078 50.
2608 4060 2611 4063 -
