2917 5052
2113 440 2135 481 Ι
2157 441 2177 481 1

245 553 752 638 decrevimus
774 611 798 654 ‚
828 610 836 617 -
867 549 1180 662 plantas
1241 568 1559 632 nostras
1617 579 1806 637 cum
1884 550 2186 637 tabulis

235 699 935 825 praestantioribus
972 706 1620 819 comparavimus
1673 708 1841 791 imo
1872 729 1957 792 et
1986 738 2177 794 cum

238 863 815 981 speciminibus
872 863 1097 949 siccis
1150 861 1673 964 Brebissonii‚
1718 862 2183 975 Schleiche-

238 1024 338 1107 rii
359 1086 385 1123 ‚
423 1022 492 1106 F
495 1021 749 1118 unkiL
794 1016 1303 1137 quandoque
1362 1019 1609 1102 etiam
1636 1025 1642 1031 ’
1669 1047 1863 1103 cum
1909 1047 2185 1102 exem·
2287 1100 2294 1109 ,

235 1173 599 1289 plaribus
656 1171 1205 1282 Hedvvigianis
1285 1170 1769 1255 authenticis
1826 1200 1923 1255 ex
1935 1172 2177 1255 tanti-

233 1325 396 1411 bus
452 1329 539 1409 in
597 1294 1007 1409 ditissimis
1066 1323 1455 1414 herbariis
1517 1322 1643 1408 Cl.
1684 1323 2180 1410 Professoris

234 1479 466 1564 Janii.
527 1479 867 1563 Phrases
937 1474 1474 1587 diagnosticas
1544 1470 1840 1591 propio
1925 1496 2183 1561 marte
2305 1497 2314 1507 ·

239 1655 325 1719 et
382 1633 485 1718 ad
543 1637 811 1719 vivam
868 1639 1239 1717 naturam
1300 1632 1970 1747 concinnavimus
1995 1694 2023 1735 ‚
2081 1633 2191 1714 ita

238 1807 339 1872 ut
396 1815 701 1870 errores
743 1788 810 1871 si
848 1788 992 1902 qui
1039 1785 1511 1898 irrepserint
1567 1784 1797 1870 facile
1838 1808 1883 1866 a
1925 1784 2186 1895 Bryo-

239 1942 447 2053 logis
506 1939 1245 2054 deprehendantur.

349 2096 795 2182 Varietates
833 2100 919 2179 in
944 2095 1365 2209 speciebus
1384 2094 1970 2206 ‘polymorphis
2003 2113 2198 2177 tan·.

240 2270 421 2334 tum
465 2249 1032 2363 adoptavimus
1071 2249 1218 2329 ubi
1266 2227 1865 2329 characteribus
1923 2245 2182 2329 firmis

241 2393 857 2511 distinguuntur
890 2462 916 2501 ‚
976 2397 1310 2511 reliquae
1366 2397 1642 2480 minus
1712 2415 2186 2504 constantes·

236 2584 429 2640 cum
486 2552 902 2667 speciebus
942 2551 1296 2662 ⁴singul-is
1356 2551 1659 2667 quibus
1722 2549 2183 2654 referuntur

239 2705 735 2802 confundere
763 2769 789 2811 ‚
864 2705 1102 2790 nobis
1183 2707 1451 2790 visum
1509 2725 1652 2791 est.
1711 2704 1886 2792 Nec
1941 2705 2169 2790 furor
2247 2785 2253 2792 .

236 2855 372 2940 ille
430 2860 879 2970 specierum
936 2886 1377 2941 numerum
1434 2857 1810 2966 augendi,
1869 2856 2004 2941 illa
2050 2888 2174 2941 ra-

236 3008 409 3093 bies
447 3010 765 3094 labores
794 3030 878 3093 et
916 3008 1522 3112 observationes
1560 3010 1909 3095 aliorum
1951 3040 2177 3123 sper-

235 3163 486 3248 nendi
541 3194 691 3247 nos
749 3165 1073 3249 incessit
1097 3229 1121 3265 ‚
1199 3183 1603 3277 praecepta
1661 3192 2175 3248 summorum

238 3320 814 3404 Botanicorum
853 3317 1139 3403 sedulo
1180 3339 1363 3403 ante
1404 3317 1689 3405 oculos
1713 3317 2180 3418 habuimm,

240 3492 513 3557 sancte
568 3474 925 3556 venerati
983 3501 1285 3557 sumus.
1938 3451 1950 3463 ’

343 3624 899 3712 Nihilominus
969 3627 1486 3716 temerarium
1563 3626 1774 3711 foret
1835 3654 2182 3710 asserere

236 3806 387 3862 nos
443 3807 724 3863 omnes
784 3781 1084 3894 species
1144 3800 1410 3865 exacte
1469 3777 1573 3863 ad
1626 3780 1999 3894 propiam
2051 3807 2177 3861 se-

242 3928 432 4020 dem
493 3932 901 4036 retulisse;
960 3931 1306 4022 arduum
1365 3954 1490 4019 est
1561 3962 1797 4046 opus,
1856 3933 2176 4045 propia-
