2917 5052
675 338 756 399 26

667 450 890 509 nostris
932 444 1354 529 speciminibus
1396 464 1544 506 vero
1586 446 1805 507 adsunt
1846 465 2092 528 quoque
2141 447 2395 511 lamellae
2434 451 2577 512 duae
2608 498 2628 527 ‚

669 555 814 619 tres,
855 553 1190 625 quatuorve
1232 541 1545 617 centrales,
1586 540 1784 603 cultro
1827 542 2183 619 avellendae,
2228 567 2363 625 quae
2407 551 2471 607 in
2510 569 2628 611 va-

646 642 883 712 Nrietate
922 636 1199 701 flexuosae
1243 650 1303 699 et
1343 637 1605 722 praealtae
1661 638 1940 700 evadunt.
1974 641 2152 702 Hune
2200 641 2627 707 characterem

669 739 924 798 nimium
950 739 1352 798 existimantes
1381 739 1733 796 varietatem
1761 747 2032 797 nostram
2067 740 2368 799 minorem
2395 740 2631 802 trahxi-

670 854 808 894 mus
852 833 929 894 ad
963 835 1363 915 Pob‘tn'chum
1404 846 1837 894 controversum
1877 833 2043 896 Brid.
2088 837 2211 895 sive
2245 850 2629 917 angustatum

674 930 993 1016 Schwaegr.
1019 978 1037 1006 ,
1081 932 1307 1011 species
1332 975 1349 1003 ,
1411 951 1545 1011 quae
1590 952 1727 991 cum
1772 933 2058 991 varietate
2101 941 2312 992 nostra
2350 931 2626 995 multum

676 1030 987 1103 convenit,
1041 1047 1174 1107 quae
1217 1026 1392 1087 nobis
1432 1047 1652 1109 parum
1694 1025 1871 1087 firma
1920 1027 2195 1105 videtur,
2256 1028 2626 1091 characteri-

674 1121 909 1205 busque
943 1122 1289 1182 ludibundis
1329 1125 1528 1183 innixa
1546 1169 1565 1198 ,
1604 1133 1673 1184 ut
1713 1114 1880 1183 illam
1923 1123 2219 1185 diversam
2250 1127 2623 1186 retineamus

673 1240 747 1280 ex
789 1219 915 1279 sola
958 1230 1275 1280 auctorum
1332 1223 1660 1281 citatorum
1719 1223 2098 1282 auctoritate.
2150 1222 2451 1282 Caeterum
2492 1223 2627 1282 lco-

673 1337 818 1376 nem
857 1317 1096 1379 Dillenii
1140 1338 1314 1399 aequo
1358 1338 1502 1379 sane
1544 1318 1678 1400 jure
1722 1317 1858 1379 duci
1901 1327 2102 1401 potest
2144 1318 2222 1378 ad
2264 1322 2623 1379 varietatem

674 1423 964 1476 nostram.

738 1603 1358 1688 BRYOIDEAE.
1421 1605 1623 1687 Arn.
1684 1602 2169 1715 dzlsp.meth.
2229 1635 2308 1716 p.
2376 1603 2565 1689 288.

1359 1817 1429 1876 ΙΙ.
1473 1814 1942 1879 BARTRAMIA.

762 1995 986 2058 Hedw.
1028 1998 1188 2079 stirp.
1225 1986 1282 2071 ι’
1315 2017 1380 2079 p.
1422 2017 1551 2056 111.
1596 1993 1839 2062 Schreb.
1878 2018 2013 2077 gen.
2048 1997 2135 2080 pl.
2171 2018 2239 2079 p.
2270 1995 2409 2078 761.
2453 1995 2620 2057 Bn‘d.

680 2097 919 2156 muscol.
942 2095 1083 2176 4‚p.
1116 2091 1247 2154 128.
1289 2094 1609 2174 Schwoegr.
1653 2116 1740 2173 sp.
1773 2115 1953 2154 muse.
1988 2117 2042 2168 1,
2074 2116 2138 2177 p.
2164 2115 2264 2178 9¹·
2291 2094 2443 2155 Arn-
2471 2092 2622 2177 disp.

679 2193 850 2253 mech.
887 2212 951 2275 p.
999 2188 1135 2251 288.
1181 2189 1380 2251 Hook.
1424 2202 1483 2252 ec
1521 2190 1694 2271 Tayl.
1736 2211 1918 2254 muse.
1962 2191 2087 2251 bric.
2115 2211 2180 2274 p.
2229 2190 2363 2268 344,
2404 2189 2521 2259 tab.
2567 2190 2622 2250 3.

677 2287 836 2349 Duh.
882 2286 992 2348 bot.
1031 2287 1169 2368 gall.
1204 2309 1270 2370 p.
1311 2285 1452 2366 547.

759 2386 904 2446 Mnii
949 2395 1011 2444 et
1050 2385 1190 2460 Bryi
1232 2405 1320 2465 sp.
1352 2385 1529 2443 Linn.
1573 2385 1690 2442 Bm
1694 2387 1912 2444 tramia
1952 2395 2015 2447 et
2054 2383 2194 2461 Bryi
2235 2406 2322 2468 sp.
2357 2384 2616 2447 Swartz.

675 2480 1011 2542 Bartramia
1051 2491 1114 2541 et
1151 2479 1491 2542 Philonotis
1531 2479 1698 2541 Brid.
1740 2482 1924 2563 bryol.

777 2695 940 2769 Seta
1009 2697 1436 2771 terminalis:
1518 2699 1803 2799 capsula
1870 2699 2351 2798 subglobosa:
2425 2705 2621 2801 peri-

679 2822 908 2882 stoma
964 2807 1232 2906 duplex
1299 2812 1995 2888 exterius.dentibus
2046 2814 2447 2914 sexdecim,
2499 2818 2624 2889 in-

681 2922 901 2991 terius
952 2921 1366 2995 membrana
1421 2924 1646 2998 divisa
1701 2927 1776 2998 in
1828 2926 2186 3000 sexdecim
2252 2943 2621 3027 segmenta

682 3030 904 3103 bifida
975 3060 1138 3106 cum
1207 3034 1541 3109 dentibus
1611 3039 2014 3136 peristomii
2082 3044 2352 3115 externi
2404 3041 2623 3115 alter-

681 3149 961 3219 nantia:
988 3165 989 3168 ’
1015 3147 1340 3248 calyptra
1395 3149 1794 3225 dimidiata.

1329 3409 1405 3465 4·
1444 3401 1639 3463 Foliis
1682 3407 1968 3486 angustis·

1265 3630 1312 3671 1.
1355 3612 1663 3673 Burnum
1706 3634 2049 3676 rofflronms.

762 3817 825 3877 B.
869 3812 1056 3876 Caule
1100 3826 1301 3898 erecto
1343 3816 1530 3892 brevi,
1572 3818 1667 3879 vel
1698 3820 1978 3902 elongato
2013 3841 2276 3895 ramese,
2311 3821 2469 3881 foliis
2513 3824 2626 3880 im-

682 3912 926 4002 bricatis
966 3912 1308 3995 patentibus
1332 3914 1538 3977 lineari
1564 3917 1852 3979 subulatis
1877 3920 2134 3993 serram,
2170 3940 2355 3980 nervo
2389 3921 2617 4003 apicem
