2917 5052
2123 367 2234 431 155

268 482 411 543 dida
452 481 735 564 patentia,
767 479 1053 539 inferiora
1083 474 1389 535 interdum
1423 475 1550 557 pilo
1582 477 1882 538 destituta.
1925 480 2071 542 set·
2109 490 2233 539 tor-

267 580 389 640 tilis
446 577 667 638 lineam
725 596 906 636 unam
975 582 1077 632 aut
1121 571 1381 654 amplius
1449 571 1644 655 longa.
1705 575 1967 657 Capsula
2037 574 2231 636 ssavo-

278 676 569 735 brunnen.

817 869 871 927 3.
917 864 1060 929 Seta
1105 865 1262 926 foliis
1305 868 1607 930 immersa.

918 1059 976 1120 6.
1022 1060 1271 1121 Gmmu
1306 1061 1584 1121 'nocuum
1617 1081 1623 1086 ·

363 1258 436 1316 G.
481 1254 668 1315 Caule
719 1253 1086 1335 subsimplici
1131 1253 1228 1313 vel
1272 1254 1553 1314 furcatim
1620 1234 1866 1314 ramoso
1927 1251 2237 1335 elongato,

279 1352 435 1413 foliis
476 1350 820 1433 patentibus
850 1347 1439 1423 ovato-lanceolatis,
1490 1352 1740 1409 summis
1772 1348 2057 1430 'piliferis,
2100 1370 2237 1431 cap-

282 1447 412 1507 sula
455 1446 723 1526 oblonga
763 1449 1068 1520 immersa,
1104 1443 1394 1526 operculo
1441 1444 1692 1525 oblique
1736 1444 2070 1506 rostellato.

366 1546 662 1605 Grimmia
719 1563 1037 1625 apocarpa.
1086 1541 1313 1604 Hedw.
1356 1543 1519 1624 stit-p.
1575 1563 1624 1616 1,
1658 1564 1723 1625 p.
1766 1544 1934 1618 ⁴04,
1980 1543 2095 1602 tab.
2141 1543 2241 1626 39.

284 1640 492 1721 Ejusd.
536 1661 687 1723 spec.
722 1662 786 1722 p.
833 1638 931 1719 76.
976 1639 1293 1719 Schwoegr.
1328 1640 1523 1721 suppl.
1579 1661 1598 1700 1
1634 1684 1651 1713 ‚
1711 1635 1731 1698 r
1766 1684 1782 1713 ,
1818 1660 1884 1720 p.
1933 1638 2031 1722 95.
2073 1638 2240 1702 Brid.

280 1740 450 1799 mech.
487 1760 552 1821 p.
600 1738 695 1797 33.
736 1736 886 1797 Am.
930 1735 1080 1820 disp.
1117 1725 1289 1796 meth.
1324 1759 1390 1818 p.
1429 1732 1566 1796 268.
1592 1736 1835 1795 Swarcz
1866 1756 2044 1796 muse.
2085 1756 2242 1795 suec.

281 1857 345 1918 p.
383 1854 478 1913 27.
538 1829 639 1894 W
629 1833 711 1891 eb.
756 1844 812 1892 et
851 1830 1039 1892 Mohr·
1075 1827 1191 1892 bot.
1238 1834 1416 1893 tasch.
1448 1855 1512 1914 p.
1558 1853 1688 1914 129.
1724 1830 1878 1892 Voit
1908 1854 2085 1892 masc.
2116 1832 2242 1891 her*-

286 1929 399 2011 hip.
436 1950 501 2011 p.
547 1949 642 2009 27.
687 1923 892 1989 Hook.
950 1941 1010 1987 et
1058 1928 1227 2012 Tayl.
1284 1950 1464 1987 muse.
1509 1928 1636 1986 bric.
1695 1948 1758 2011 p.
1803 1926 1886 1987 65
1910 1972 1927 2001 ,
1971 1928 2085 1988 tab.
2149 1927 2240 1988 13.

292 2024 477 2086 Mart.
503 2013 607 2109 'fl.
662 2038 846 2108 crypt.
903 2024 1122 2102 erlang.
1182 2046 1248 2106 p.
1301 2045 1322 2082 1
1343 2044 1363 2082 1
1385 2044 1432 2081 1.
1476 2023 1632 2082 Nees
1695 2019 1878 2106 bryol.
1938 2044 2117 2102 germ.
2163 2044 2243 2097 2,

286 2143 351 2205 p.
407 2120 505 2182 86.
563 2122 720 2182 Dub.
767 2121 902 2180 bot.
920 2120 1057 2199 gall.
1115 2139 1179 2200 p.
1223 2118 1363 2199 575.
1412 2118 1624 2179 Pollia.
1644 2116 1734 2198 fl.
1789 2139 1980 2179 veron.
2039 2121 2122 2193 3,
2176 2139 2241 2201 p.

289 2216 425 2279 305.
461 2219 620 2278 BaLs.
661 2230 721 2277 et
757 2219 855 2276 De
894 2216 1034 2276 Noc.
1089 2236 1268 2276 muse.
1328 2214 1575 2277 Mediol.
1635 2217 1848 2276 exsicc.
1874 2216 2037 2300 fasc.
2084 2216 2244 2292 ΙΙΙ,

288 2333 345 2373 n.
396 2313 495 2388 54.

372 2410 519 2469 Dill.
562 2410 689 2470 hist.
732 2430 910 2469 muse.
954 2410 1070 2471 lab.
1118 2410 1218 2484 32,
1244 2408 1356 2490 fig.
1397 2410 1457 2485 4..

374 2504 469 2565 Ad
508 2525 716 2567 muros
763 2507 1064 2590 praecipue
1104 2515 1374 2569 vetustos
1396 2552 1414 2582 ,
1438 2505 1536 2595 'ad
1580 2501 1721 2567 saxa¹
1758 2514 1822 2568 et
1861 2516 2107 2568 truncos
2149 2528 2245 2568 ar-

296 2600 538 2676 borum,
567 2603 867 2684 frequens,

376 2699 579 2758 Caulis
620 2700 758 2781 plus
803 2703 999 2759 minus
1056 2720 1356 2761 ramosuS.
1395 2697 1574 2760 Folia
1617 2697 2048 2781 perichaetialia
2088 2720 2244 2759 sem·

298 2815 408 2874 per
441 2795 720 2876 pilifera,
778 2796 936 2878 pilus
994 2796 1107 2857 sub
1166 2807 1493 2878 augmento
1542 2800 1802 2856 maximo
1847 2794 2245 2855 denticulatus

297 2891 693 2967 observatur,
761 2894 1049 2953 inferiora
1103 2893 1407 2953 interdum
1444 2893 1697 2989 pilifera
1722 2895 2128 2974 „integerrima
2184 2901 2246 2952 et

294 3008 483 3047 nervo
528 2988 728 3049 valido
769 2989 1039 3070 praedita.
1084 2989 1345 3070 Capsula
1378 2989 1628 3071 pallida,
1660 2991 1868 3050 dentes
1908 2991 2243 3105 peristomii

306 3085 537 3144 intense
582 3084 753 3144 rubri
799 3087 1009 3145 striati.

380 3180 545 3241 Haec
600 3183 827 3261 species
893 3201 1282 3263 summopere
1347 3183 1543 3240 variat
1583 3190 1643 3241 et
1688 3184 1847 3263 justo
1906 3183 2248 3261 meritoque

295 3279 446 3338 Nees
504 3281 765 3360 speciem
821 3277 1259 3339 multiformem
1316 3278 1581 3361 appellat
1644 3304 1679 3331 ιε
1734 3280 1861 3338 eine
1914 3277 2025 3338 der
2077 3278 2251 3357 vielge

303 3401 340 3427 c«
379 3377 692 3456 staltigsten
735 3375 922 3436 Arcen
990 3390 1159 3436 anter
1209 3375 1326 3436 den
1381 3373 1795 3437 Laubmoosen
1853 3403 1913 3438 υ.
1962 3374 2249 3436 Plurimae

296 3475 619 3532 varietates
663 3494 798 3554 quae
837 3477 928 3534 uti
972 3477 1199 3556 species
1243 3472 1321 3534 ab
1365 3474 1717 3534 auctoribus
1762 3477 2108 3533 retinentur
2148 3493 2253 3532 en-

297 3579 623 3628 numerant
666 3572 990 3652 scriptores
1034 3569 1369 3651 Bryologiae
1415 3571 1792 3631 Germanicae
1837 3572 1926 3628 uti
1975 3577 2112 3628 sunt
2164 3586 2251 3626 ex.

301 3686 388 3746 gr.
437 3667 730 3726 Grimmia
766 3664 1028 3747 gracilis,
1067 3668 1351 3750 alpicola,
1391 3668 1687 3741 νίνιιίαήε,
1724 3667 2088 3739 schleickeri,
2128 3683 2254 3722 ma·

302 3761 528 3835 mima,
573 3762 873 3837 helvetica,
896 3773 1019 3823 ·ete.
1043 3808 1060 3836 ‚
1107 3766 1265 3823 inter
1308 3785 1457 3844 quas
1498 3763 1691 3824 solam
1739 3763 2093 3824 Grimmiam
2117 3778 2256 3837 gra-

301 3856 472 3914 cilem
515 3859 574 3915 in
617 3858 932 3919 Provincia
968 3869 1176 3919 nostra
1223 3880 1416 3940 usque
1463 3860 1608 3922 dum
1654 3861 2006 3921 invenimus.
