2917 5052
2078 379 2152 441 81

836 485 929 547 26.
974 485 1201 546 Hvrnuu
1246 502 1540 543 ηιιειιυιι.

295 681 369 745 H.
400 679 590 744 Caule
632 678 1033 742 decumbente
1074 676 1373 760 pinnatim
1416 695 1661 736 ramoso
1684 720 1703 750 ,
1768 674 1924 739 foliis
1991 690 2158 742 arcte

205 780 544 841 imbricatis
586 773 1163 857 erecto-patentibus
1206 771 1686 854 ovato-ellipticis
1729 771 1909 855 longe
1946 784 2009 835 et
2053 777 2158 836 ab·

206 886 394 959 rupte
426 878 780 937 acuminatis
822 875 992 956 apice
1047 872 1290 932 serratis
1332 872 1614 930 concavis
1654 889 1845 929 nervo
1885 871 2155 964 medium

208 974 565 1054 attingente,
606 980 735 1033 seta
775 969 988 1031 scabra
1009 1014 1027 1043 ,
1070 965 1315 1050 capsula
1357 976 1535 1028 ovata
1567 986 1822 1042 cernua,
1865 967 2157 1050 operculo

208 1071 429 1128 conico
470 1070 833 1139 acuminato.

294 1165 577 1248 Hypnum
620 1165 947 1248 piliferum.
976 1160 1209 1223 sehr-eb.
1239 1158 1421 1244 spicil.
1429 1155 1519 1240 fl
1553 1159 1682 1242 lips.
1699 1181 1763 1243 p.
1793 1183 1893 1244 9¹·
1921 1158 2151 1225 Hewd.

205 1261 375 1346 stirp.
409 1262 474 1337 4,
494 1284 559 1345 ρ.
585 1261 684 1335 35,
715 1260 831 1322 tab.
875 1259 964 1335 14.
1006 1255 1214 1336 Hasd.
1237 1278 1324 1340 sp.
1347 1277 1413 1339 p.
1440 1248 1578 1338 275.
1600 1255 1915 1337 Schwaegr.
1957 1260 2152 1342 suppl.

216 1378 272 1428 1,
296 1377 432 1439 2,ρ.
466 1359 607 1441 239.
646 1356 810 1418 Brid.
854 1356 1024 1416 meth.
1049 1375 1113 1437 p.
1167 1354 1298 1435 173.
1342 1352 1493 1413 Am.
1516 1350 1667 1435 disp.
1697 1355 1867 1414 mech.
1905 1375 1970 1436 p.
2006 1357 2145 1418 313.

205 1453 450 1515 Swartz
488 1476 669 1514 masc.
711 1474 863 1515 suec.
898 1474 962 1535 p.
1013 1450 1112 1513 65.
1162 1450 1265 1514 W
1256 1451 1340 1509 eb.
1393 1463 1452 1511 et
1489 1450 1676 1511 Mohr
1713 1450 2048 1513 bot.·tasch.
2083 1477 2151 1542 p.

205 1549 350 1612 315.
381 1548 450 1614 V
443 1553 526 1612 oit
562 1571 740 1611 muse.
770 1549 987 1632 herbip.
1022 1569 1087 1631 p.
1135 1568 1266 1609 102.
1295 1545 1495 1608 ΗοοῘε.
1520 1561 1579 1610 et
1612 1543 1683 1609 T
1672 1548 1792 1630 ayl.
1815 1570 1997 1610 muse.
2019 1551 2150 1612 bric.

195 1668 267 1729 p.
309 1645 443 1729 175,
485 1647 597 1707 mh.
644 1645 740 1707 25.
783 1645 965 1706 Mart.
997 1644 1072 1724 fl.
1116 1656 1301 1726 crypt.
1330 1643 1550 1722 erlang.
1587 1664 1650 1725 p.
1697 1643 1795 1719 24.
1831 1645 1989 1705 Dub.
2037 1645 2149 1708 bot.

198 1743 345 1823 gall.
382 1764 452 1826 p.
493 1739 634 1804 558.
677 1742 887 1803 Pollia.
905 1739 993 1820 fl.
1034 1760 1223 1801 veron.
1269 1741 1329 1815 3,
1362 1761 1428 1823 p.
1473 1737 1692 1815 3542?

286 1837 575 1920 Hypnum
616 1837 934 1898 Lamarkii.
976 1835 1112 1900 DC.
1150 1834 1219 1907 sl.
1234 1835 1327 1918 ft.
1374 1856 1430 1911 2,
1465 1856 1531 1919 p.
1574 1833 1722 1912 535,
1746 1850 1806 1897 ee
1836 1835 1897 1913 6,
1931 1858 1996 1920 p.
2021 1839 2144 1917 234

204 1934 244 2014 (
254 1953 377 1993 non
416 1931 644 2012 end).

288 2028 359 2087 In
400 2026 577 2103 sylvis
617 2026 776 2088 della
817 2027 1079 2089 Mer-lata
1117 2047 1311 2109 prope
1359 2026 1905 2089 Cascina-Ttiulza.

288 2124 671 2186 Decumbens
712 2124 985 2206 palmare
1029 2132 1092 2183 et
1131 2121 1374 2203 longior
1395 2168 1414 2197 ,
1476 2126 1631 2182 rami
1673 2127 1963 2190 attenuati
2008 2128 2147 2186 sim-

202 2221 392 2304 plices
415 2266 434 2296 ,
476 2241 615 2282 raro
676 2218 927 2293 ramosi,
969 2217 1512 2299 compressiusculi.
1558 2218 1733 2277 Folia
1774 2218 1997 2299 pallide
2042 2222 2149 2281 sed

201 2337 434 2377 amaene
466 2315 680 2375 viridia
720 2335 792 2374 ex
834 2316 1004 2396 apice
1047 2312 1267 2372 obtuso
1297 2315 1360 2373 in
1380 2311 1689 2394 apiculum
1723 2316 2144 2377 tenuissimum

200 2412 488 2474 abeuntia
530 2410 691 2470 unde
733 2409 988 2492 piligera
1030 2396 1324 2489 adparent
1345 2454 1364 2483 ,
1425 2396 1731 2490 praecipue
1787 2411 1836 2470 si
1878 2412 1942 2470 in
1985 2421 2143 2471 statu

198 2511 359 2572 sicco
403 2506 819 2568 observantur.
864 2500 1007 2566 Seta
1041 2503 1289 2565 uncialis
1331 2525 1645 2587 purpurea
1686 2505 1917 2569 scabra.

279 2604 574 2667 Pollinius
616 2604 761 2665 dicit
803 2624 866 2664 se
907 2602 1067 2663 hanc
1110 2605 1377 2685 speciem
1413 2602 1633 2684 legisse
1670 2606 1730 2663 in
1764 2625 1913 2686 agro
1948 2605 2145 2668 Vero-

197 2705 371 2764 nensi
398 2749 417 2778 ,
485 2711 751 2761 attamen
810 2717 947 2762 eam
990 2697 1154 2759 male
1207 2699 1522 2781 descripsit
1561 2702 1617 2759 ei
1659 2699 1931 2761 tribuens
1999 2703 2145 2764 folia

199 2802 444 2861 enervia
469 2800 856 2880 integerrima
898 2807 961 2858 et
990 2795 1345 2880 operculum
1366 2805 1715 2858 rostratam.
1736 2798 1944 2859 Nonne
1966 2800 2144 2882 phra-

200 2916 332 2957 sem
375 2916 547 2954 suam
591 2895 968 2954 concinnavit
1008 2913 1081 2953 ex
1120 2894 1300 2952 Iconc
1332 2891 1629 2974 Hedwigii
1674 2903 1735 2953 et
1778 2914 1849 2953 ex
1883 2893 2140 2956 Schwae-

201 2990 491 3075 grichenii
534 2988 985 3072 descriptione?
1027 2987 1133 3048 Ille
1167 2987 1314 3048 folia
1347 2990 1584 3070 integra
1627 2988 1871 3070 depixit,
1892 2993 2005 3050 iste
2028 3012 2144 3073 per

201 3108 473 3148 errorem
524 3089 765 3148 enervia
807 3087 1060 3145 vocavit.
1088 3083 1289 3144 Porro
1312 3077 1559 3144 *leonem
1580 3083 1883 3146 Vaillantii
1911 3086 2009 3162 26,
2040 3085 2140 3169 fig.

200 3206 264 3267 9,
286 3205 467 3265 quam
494 3186 644 3266 ipse,
669 3180 998 3244 Bridelium
1040 3182 1218 3241 nimis
1244 3179 1541 3254 serviliter
1572 3201 1914 3263 assequens,
1959 3184 2142 3244 trahit

200 3280 281 3341 ad
305 3280 477 3343 'hanc
517 3281 783 3363 speciem
827 3288 1057 3361 spectat
1098 3279 1175 3339 ad
1217 3273 1310 3340 H.
1353 3277 1636 3338 albicans,

799 3480 895 3540 27.
937 3459 1164 3520 Hiram«
1206 3478 1541 3519 iuuentuti.

279 3649 352 3712 H.
398 3648 586 3712 Caule
629 3651 1067 3735 procumbente
1109 3650 1464 3713 inordinate¹
1494 3670 1769 3726 ramoso,
1811 3649 1969 3712 foliis
2021 3655 2133 3714 im·

160 3748 440 3809 “bricatis
495 3749 840 3830 patentibus
884 3748 1002 3809 late
1046 3750 1235 3809 ovatis
1279 3742 1512 3832 striatis'
1543 3750 1894 3810 acuminatis
1939 3770 2132 3810 serra-

199 3849 275 3906 tis
317 3865 504 3907 nervo
548 3867 730 3930 supra
771 3847 1038 3908 medium
1084 3845 1354 3906 evanido.
1400 3847 1548 3907 Seta'
1599 3846 1844 3922 scabra,
1890 3846 2131 3929 capsula

200 3950 375 4001 ovata
419 3961 659 4017 cernua,
708 3942 996 4027 operculo
1042 3945 1250 4004 conico
1293 3946 1653 4004 acuminato.

1636 4037 1676 4097 6
