2917 5052
2173 415 2209 473 3

269 537 541 580 ramosus
571 520 725 578 rami
769 516 989 576 breves
1007 514 1245 574 clavati.
1280 510 1458 572 Folia
1493 512 1705 572 viridia
1739 518 2003 577 siccitate
2038 412 2214 583 valde

269 624 542 676 contorta
582 615 853 696 margine
912 613 1255 670 incrassata.
1300 608 1443 668 Seta
1489 610 1906 673 semiuncialis.
1951 615 2214 697 Capsula

269 711 532 794 oblonga
578 708 710 771 basi
756 716 1071 789 angustata
1117 708 1467 766 maturitate
1508 704 1692 766 fusca.

869 903 960 963 13.
1006 899 1191 961 Bnrun
1236 921 1603 961 wenricum.

348 1097 417 1157 B.
461 1095 648 1157 Caule
689 1094 861 1157 brevi
918 1113 1197 1167 ramoso,
1240 1093 1399 1154 foliis
1449 1106 1614 1155 arcte
1655 1094 1986 1157 imbricatis
2029 1097 2209 1160 sube-

266 1193 444 1252 rectis
488 1191 1049 1251 ovato-acuminatis
1092 1189 1366 1270 margine
1400 1186 1636 1249 reflexis
1663 1192 1912 1272 integris
1941 1204 2048 1255 aut
2079 1198 2207 1278 api-

267 1308 337 1347 ce
370 1286 746 1347 denticulatis
788 1304 979 1346 nervo
1024 1287 1262 1366 apicem
1298 1283 1623 1344 excedente
1659 1287 1924 1348 siccitate
1966 1309 2211 1372 appres-

266 1387 347 1444 sis
389 1385 801 1467 subcrispatis,
842 1381 1093 1464 capsula
1133 1382 1686 1464 ovato-pyriformi,
1731 1384 2021 1464 operculo
2064 1408 2207 1448 con-

265 1500 416 1542 vexo
457 1481 812 1540 mamillam.

346 1577 576 1652 Bryum
620 1577 1030 1656 caespiticium.
1076 1574 1252 1635 Lina.
1294 1595 1383 1656 sp.
1417 1595 1484 1657 p.
1539 1572 1712 1637 1586.
1753 1570 1979 1637 Hedw.
2020 1599 2108 1661 sp.
2142 1601 2209 1661 p.

276 1673 409 1732 130.
438 1671 609 1732 Bn‘d.
630 1672 803 1731 mech.
828 1691 894 1753 p.
928 1691 949 1730 1
969 1667 1058 1730 18.
1079 1670 1231 1730 Am.
1261 1669 1416 1752 disp.
1443 1671 1617 1730 mech.
1643 1691 1704 1753 p.
1733 1671 1871 1754 294.
1894 1673 2210 1755 δοῇωνωςν.

261 1789 353 1850 φ.
394 1789 574 1828 muse.
605 1788 657 1842 1,
691 1789 756 1849 p.
801 1766 899 1850 59.
941 1767 1182 1828 Swartz
1215 1789 1396 1827 muse.
1426 1788 1582 1845 suec.
1617 1789 1683 1851 p.
1714 1768 1815 1830 50.
1848 1770 1992 1833 Voic
2026 1793 2207 1833 muse.

263 1865 482 1948 her-bip.
516 1887 581 1948 p.
624 1885 723 1947 91.
767 1863 965 1923 Hook.
993 1877 1052 1924 et
1079 1864 1251 1949 Tayl.
1296 1886 1483 1925 muse.
1524 1864 1654 1926 brit.
1691 1887 1757 1950 p.
1791 1887 1938 1942 201,
1963 1869 2077 1930 tab.
2107 1891 2208 1952 29.

262 1963 497 2023 Fiorin.
538 1961 738 2023 Mazz.
780 1960 970 2043 hryol.
1016 1980 1246 2023 roman.
1281 1983 1347 2042 p.
1395 1982 1494 2022 21.
1537 1961 1719 2024 Mart.
1746 1962 1836 2045 fl.
1877 1980 2061 2049 crypt.
2114 1988 2206 2025 er-

264 2057 419 2137 lang.
454 2078 518 2141 p.
566 2056 669 2141 59.
711 2058 869 2118 Dub.
904 2057 1017 2117 bot.
1058 2059 1202 2138 gall.
1233 2079 1296 2141 p.
1338 2057 1482 2121 551.
1524 2059 1736 2120 Pollia.
1764 2060 1844 2141 fl.
1890 2083 2080 2123 veron.
2129 2065 2205 2135 3,

307 2199 321 2212 .
368 2154 403 2213 3
449 2175 504 2213 ο.

256 2172 304 2234 p
345 2175 562 2310 Pghlia
604 2250 939 2310 imbricata.
983 2247 1306 2325 Schwoegr.
1348 2244 1542 2329 suppl.
1576 2270 1626 2321 1,
1656 2269 1714 2322 2,
1735 2269 1801 2330 p.
1831 2272 1937 2328 71,
1969 2252 2081 2311 tab.
2104 2252 2204 2327 64.

343 2346 577 2405 Mnium
620 2344 1030 2424 caespiticium.
1076 2340 1304 2404 Hedw.
1328 2341 1514 2423 fimd.
1556 2363 1735 2402 masc.
1762 2364 1820 2419 2,
1852 2365 1919 2427 p.
1961 2345 2065 2427 94,
2092 2348 2206 2410 tab.

264 2441 472 2520 3,fig.
525 2461 595 2499 12
639 2452 696 2499 ee
737 2439 850 2498 tab.
904 2439 1138 2522 ro,fig.
1180 2436 1283 2513 68,
1323 2438 1423 2523 69.
1513 2446 1518 2452 '

344 2538 630 2618 Hypnum
676 2538 1081 2618 caespiticium.
1118 2534 1409 2599 Schrank.
1416 2536 1507 2618 fl.
1540 2537 1665 2598 bav.
1691 2558 1749 2613 2,
1769 2560 1836 2620 p.
1858 2539 1999 2621 473.
2026 2541 2132 2604 W
2121 2542 2207 2604 eb

258 2648 315 2695 et
354 2634 542 2695 Molu-
578 2632 690 2693 bot.
736 2634 916 2693 tasch.
952 2654 1018 2716 p.
1068 2630 1206 2695 283.

341 2730 489 2789 Diu.
532 2730 661 2790 hist.
704 2749 884 2789 muse.
928 2729 1043 2790 tab.
1086 2729 1331 2813 5o,.fig
1373 2728 1479 2794 66.
1503 2730 1681 2793 Vaill.
1709 2732 1826 2792 bot.
1859 2735 2045 2816 paris.
2087 2729 2205 2794 tab.

150 2826 604 2909 ·29,fig..7

343 2923 410 2980 In
451 2922 680 2981 maeniis
713 2922 883 2981 urbis
916 2931 980 2982 et
1011 2922 1091 2982 ad
1126 2932 1354 2983 terram
1389 2925 1452 2983 in
1482 2924 1630 2985 locis
1663 2924 1905 2986 incultis
1938 2862 2203 3008 vulgare.

342 3019 543 3079 Dense
586 3021 985 3100 caespitosum.
1042 3019 1244 3080 Caulis
1291 3020 1700 3082 bi-trilinearis
1723 3069 1740 3097 ,
1807 3028 1961 3084 rami
2016 3029 2200 3085 erecti

258 3116 477 3175 breves
517 3114 616 3175 vel
667 3115 947 3197 elongati.
985 3114 1162 3176 Folia
1215 3118 1433 3177 viridia
1473 3117 1571 3177 vel
1628 3118 2019 3180 fuscescentia
2061 3121 2199 3202 plus

256 3213 457 3270 minus
499 3212 1045 3269 ovato-acuminata
1090 3232 1283 3272 nervo
1329 3214 1565 3294 apicem
1607 3216 2070 3296 attingentelvel
2104 3238 2202 3277 ex·

259 3308 509 3368 cedente
552 3307 797 3367 donata.
832 3307 977 3367 Seta
1018 3309 1440 3371 semiunciaIiS.
1469 3310 1733 3393 Capsula
1764 3323 2005 3372 matura
2038 3315 2203 3375 fusca

259 3405 811 3487 ovato-pyriformis
851 3404 1071 3467 brevis.

342 3499 584 3582 Species
616 3520 1018 3612 summopere
1055 3502 1395 3563 ludibunda
1427 3469 1630 3585 quoad
1662 3515 1976 3581 staturam,
1999 3508 2205 3587 quoad

256 3594 404 3655 folia
469 3600 664 3679 magis
707 3598 804 3658 vel
845 3601 1044 3658 minus
1088 3611 1309 3676 acuta,
1371 3604 1607 3682 integra
1652 3613 1757 3661 aut
1800 3603 2203 3679 denticulata,

255 3693 462 3773 quoad
501 3715 754 3755 nervum
799 3700 904 3777 qui
945 3698 1179 3778 apicem
1222 3709 1460 3760 tantum
1504 3703 1743 3783 attingit
1785 3702 1878 3761 vel
1923 3725 2063 3764 eum
2108 3725 2204 3763 ex-

255 3791 416 3853 cedit
457 3803 521 3853 et
562 3795 767 3874 quoad
810 3794 1114 3877 capsulam
1162 3798 1529 3879 quandoque
1571 3799 1898 3882 oblongam
1926 3847 1944 3876 ,
2007 3805 2091 3860 ita
2133 3811 2202 3859 ut

258 3908 293 3945 a
338 3890 715 3970 precedente
756 3912 882 3951 non
925 3891 1099 3952 facile
1144 3892 1559 3975 distinguatur.

343 3982 627 4046 Pohliam
671 3989 1045 4049 imbricatam.
1093 3988 1409 4071 Schwaegr.
1456 4013 1636 4072 quam
1683 3996 1811 4074 jure
1854 3993 1974 4051 huc
2018 3992 2191 4051 redu-
