2917 5052
715 419 797 494 44

715 536 930 588 xerunt
975 526 1266 584 Auctores
1308 514 1556 577 Muscol.
1603 514 1954 575 Britannice
1997 533 2121 574 non
2164 512 2366 574 differt
2409 535 2443 573 a
2488 516 2672 596 Bryo

716 621 1023 706 coespiticio
1066 619 1177 678 nisi
1222 616 1419 676 forma
1462 609 1736 693 capsulae.
2077 656 2080 659 ,

799 721 1027 804 Btyum
1068 716 1375 785 cirratum,
1396 708 1645 781 Kunzii,
1665 705 2085 795 radiculosum,
2104 704 2399 765 Hornsch.
2422 702 2676 786 Btyum

717 827 1105 895 angustatum,
1149 807 1543 869 radiculosum
1568 849 1589 876 ,
1626 801 2044 864 subrocundum
2057 847 2074 876 ,
2115 801 2458 883 sphaericum
2481 847 2498 875 ,
2543 803 2677 862 Po-

718 911 1059 993 hlioejbrme,
1089 924 1367 966 cernuum
1385 899 1544 960 Brid.
1575 893 1853 959 Pohliam
1884 895 2199 983 bryoidem.
2240 897 2477 957 Brown.
2510 896 2624 957 W
2612 917 2675 955 e-

719 1009 916 1068 beram
957 1002 1203 1086 affinem
1241 997 1457 1059 Bruch.
1503 1010 1559 1056 ec
1599 990 1879 1056 Pohliam
1938 995 2283 1075 uliginosam
2334 992 2493 1053 Brid.
2536 991 2675 1054 huc

721 1123 967 1185 quoque
1011 1106 1281 1181 spectant
1324 1116 1394 1155 ex
1434 1092 1959 1173 Schwaegn’chenii
1998 1092 2328 1153 sententia:
2375 1099 2670 1151 caeterum

721 1217 971 1283 prorsus
1012 1194 1142 1256 haec
1184 1194 1387 1254 omnia
1428 1194 1793 1272 ignoramus,

1298 1387 1384 1464 14.
1427 1387 1613 1447 Bntm
1657 1404 2096 1446 uit-runocnrou.

733 1629 739 1633 -
802 1590 867 1651 B.
910 1585 1099 1649 Caule
1140 1583 1310 1644 brevi
1355 1589 1559 1641 erecto
1584 1623 1602 1652 ,
1645 1576 1803 1638 foliis
1864 1588 2026 1638 arcte
2067 1575 2398 1636 imbricatis
2454 1582 2670 1635 ovato-

721 1683 1068 1746 lanceolatis
1092 1677 1445 1739 acuminatis
1480 1673 1591 1734 sub
1615 1674 1863 1755 integris
1899 1692 2087 1733 nervo
2123 1681 2489 1753 emergente,
2520 1690 2669 1752 cap-

723 1781 853 1841 sula
898 1776 1163 1862 pendula
1207 1773 1473 1854 oblonga
1518 1771 1630 1831 sub
1675 1791 1781 1830 ore
1827 1778 2154 1844 contracta,
2198 1767 2485 1851 operculo
2527 1787 2675 1827 con-

727 1898 879 1939 vexo
925 1881 1302 1936 mucronato.

809 1975 1038 2050 Bryum
1082 1967 1578 2047 erythrocarpon.
1630 1965 1950 2043 Schmaegr.
1991 1963 2181 2044 suppl.
2236 1982 2287 2036 1,
2332 1982 2389 2036 2,
2423 1981 2488 2042 p.
2530 1980 2671 2033 100,

730 2071 841 2132 tab.
887 2065 1228 2151 70.‘EJ'usd.
1272 2085 1358 2147 sp.
1403 2083 1584 2123 muse.
1635 2083 1685 2137 1,
1718 2083 1783 2144 p.
1832 2060 1913 2122 63
1957 2059 2150 2138 (excl.
2206 2079 2335 2146 syn.
2386 2038 2570 2121 Web.
2612 2062 2690 2118 α’

729 2167 972 2247 Mohr).

740 2302 745 2305 -
810 2266 1035 2342 Bryum
1081 2261 1493 2343 sanguineum.
1528 2254 1693 2316 Brid.
1736 2255 1905 2315 mech.
1940 2276 2005 2337 p.
2060 2251 2191 2314 118.

738 2401 743 2406 ·
806 2364 877 2423 In
918 2361 1152 2422 ericetis
1198 2357 1378 2417 aridis
1422 2374 1618 2436 prope
1668 2352 2060 2431 Garbagnate.

771 2464 785 2487 '
812 2455 1296 2518 Subsolitarium.
1339 2450 1544 2512 Caulis
1587 2449 1813 2508 lineam
1855 2467 2038 2506 unam
2085 2443 2180 2504 vel
2223 2443 2374 2504 duas
2425 2463 2665 2524 aequans

728 2556 1090 2641 plerumque
1134 2548 1402 2632 simplex.
1457 2545 1636 2607 Folia
1691 2565 1763 2605 ex
1805 2543 2172 2605 viridi-fusca
2195 2588 2213 2617 ,
2279 2562 2468 2601 nervo
2524 2542 2671 2600 ruti-

728 2654 888 2713 lante
934 2650 1175 2721 donata,
1219 2647 1478 2705 siccitate
1523 2663 1810 2723 appressa
1851 2650 2189 2722 corrugata.
2235 2639 2378 2699 Seta
2421 2636 2661 2720 gracilis

716 2745 1164 2819 »semiuncialiffi
1210 2761 1442 2801 amaene
1485 2759 1817 2821 purpurea.
1861 2737 2124 2820 Capsula
2167 2756 2201 2796 e
2243 2736 2373 2795 basi
2419 2744 2671 2815 angusta

734 2845 998 2926 oblonga
1041 2841 1153 2901 sub
1198 2859 1303 2899 ore
1349 2846 1675 2911 contracta,
1718 2836 2229 2916 atro-sanguinea.

813 2937 1181 3001 Praeeedenti
1227 2953 1366 2994 cum
1409 2952 1533 3013 quo
1577 2933 1870 2991 Auctores
1914 2927 2117 2990 Celeb.
2160 2929 2408 2989 Muscol.
2441 2928 2672 2986 Britan-

733 3042 880 3099 nicae
908 3033 1255 3094 dubitanter
1284 3031 1654 3113 conjungunt
1696 3036 1860 3088 certe
1905 3046 2291 3107 summopere
2335 3023 2546 3094 affine3
2579 3023 2671 3083 di-

734 3140 1015 3198 stinctum
1057 3131 1259 3213 potius
1304 3147 1373 3187 ex
1418 3126 1549 3187 solo
1593 3124 1806 3185 habitu
1848 3145 1972 3184 non
2015 3122 2188 3183 facile
2231 3122 2428 3183 verbis
2473 3122 2671 3203 expri-

735 3229 1024 3291 mendum
1067 3246 1249 3308 quam
1296 3222 1745 3283 characteribus
1789 3222 1982 3280 certis·

818 3327 1190 3402 Synonimon
1229 3321 1412 3381 Web.
1457 3329 1519 3380 et
1558 3318 1738 3379 Mohr
1781 3318 1946 3400 quod
1989 3315 2307 3397 Schwaegr.
2351 3313 2538 3374 trahit
2592 3313 2675 3373 ad

732 3427 890 3487 hanc
933 3424 1190 3504 speciem
1237 3420 1409 3479 sicuti
1454 3425 1797 3498 suspectum
1847 3416 2179 3488 omisimuS,
2206 3433 2340 3472 cum
2388 3420 2669 3470 auctores

731 3542 927 3603 nuper
995 3521 1153 3579 citati
1201 3517 1402 3577 dicant
1424 3562 1439 3589 ,
1504 3534 1566 3573 se
1620 3514 1851 3591 Btyum
1904 3513 2388 3593 Erythrocarpon.
2430 3529 2467 3565 a
2505 3508 2676 3589 Bryo

734 3638 944 3679 carneo
980 3617 1325 3675 ‘discernere
1368 3631 1493 3671 non
1534 3630 1744 3691 posse3
1800 3612 1883 3669 ita
1926 3620 1992 3669 ut
2037 3606 2354 3691 probabile
2401 3603 2678 3664 videatur

710 3715 870 3775 “illos
917 3731 1038 3794 prae
1085 3709 1272 3769 oculis
1337 3707 1623 3767 habuisse
1686 3708 2039 3766 varietatem
2084 3708 2140 3781 β.
2182 3717 2678 3783 atropurpuream

739 3812 887 3889 Btyi
926 3806 1142 3879 carnei,
1185 3825 1317 3885 quae
1355 3813 1446 3864 est
1488 3804 1714 3884 Bryum
1754 3803 2237 3885 Erythrocarpon
2269 3793 2517 3860 Bridelii
2548 3816 2675 3855 non

737 3929 882 3969 vero
930 3915 1224 3967 nostrum.
