2917 5052
832 511 1080 572 Habitat
1111 512 1173 567 in
1208 507 1351 567 locis
1393 501 1696 585 paludosis
1741 498 2041 574 sylvarum
2078 495 2235 556 della
2263 488 2530 553 Mer-lata
2554 512 2720 573 pro-

750 631 827 691 pe
859 607 1108 669 cascina
1142 603 1381 663 Triulza
1423 610 1485 660 et
1527 602 1587 657 in
1632 595 1953 678 paludibus
1997 612 2192 675 prope
2221 588 2713 650 Sesto-Galende.

833 706 1034 766 Caulis
1077 702 1154 761 ab
1198 703 1374 761 uncia
1415 717 1537 757 una
1580 697 1657 754 ad
1700 695 1851 753 duas
1893 691 2048 752 altus
2091 689 2440 750 dichotome
2486 705 2709 744 ramo-

752 826 885 880 sus,
925 803 1078 861 rami
1119 801 1287 880 apice
1332 797 1689 854 innovantes
1714 835 1734 872 ‚
1775 793 1837 851 in
1879 798 2051 871 parte
2095 785 2364 847 inferiori
2407 780 2713 849 radiculis

750 901 1088 963 numerosis
1131 916 1202 955 ex
1244 891 1433 952 axillis
1486 888 1774 950 foliorum
1843 884 2228 947 nascentibus
2293 888 2706 941 tomentosus.

749 998 924 1061 Folia
964 993 1316 1056 lutescentia
1358 990 1597 1070 juniora
1639 984 1865 1068 pallide
1896 984 2110 1044 viridia
2142 1000 2324 1041 nervo
2357 976 2567 1038 albido
2602 978 2707 1035 ni·

751 1104 916 1156 tente
959 1095 1249 1151 instructa
1272 1133 1290 1161 ,
1332 1084 1490 1144 facie
1534 1083 1839 1162 dorsoque
1882 1079 2174 1162 papillosa
2198 1122 2215 1152 ,
2266 1077 2532 1137 siccitate
2575 1075 2704 1134 cri-

755 1188 1003 1274 spatula.
1034 1185 1210 1246 Folia
1248 1182 1555 1242 interdum
1581 1178 1879 1263 apiculata
1914 1187 1975 1236 et
2008 1171 2377 1236 acutiuscula
2408 1169 2701 1231 evadunt.

837 1281 1211 1367 Corpuscula
1250 1278 1354 1340 illa
1397 1275 1867 1360 capituliformia
1919 1269 2325 1355 pedunculata
2378 1287 2449 1327 ex
2499 1265 2701 1326 latere

751 1383 973 1445 florum
1016 1377 1487 1442 masculinorum
1532 1375 1860 1435 exorientia
1882 1417 1900 1446 ,
1946 1368 2149 1451 qualia
2205 1370 2267 1427 in
2309 1368 2487 1426 Icone
2530 1363 2705 1425 Vail-

749 1479 915 1541 lantii
959 1478 997 1538 l.
1042 1499 1091 1536 c.
1136 1474 1265 1536 sub.
1310 1472 1370 1546 6,
1413 1483 1474 1532 et
1514 1474 1579 1530 in
1620 1468 1741 1529 tab.
1788 1470 1884 1528 23.
1926 1463 2308 1545 Muscologiae
2335 1462 2701 1523 Britannicae

749 1578 1158 1661 depinguntur
1198 1573 1262 1630 in
1303 1571 1524 1629 nostris
1566 1566 1788 1649 plantis
1833 1564 2143 1644 hucusque
2186 1582 2310 1621 non
2353 1557 2704 1619 observavi·

748 1695 902 1734 mus.
945 1674 1063 1730 Ista
1105 1664 1466 1749 corpuscula
1524 1684 1655 1746 quae
1699 1686 1736 1724 a
1778 1661 2085 1744 plerisque
2151 1655 2500 1718 auctoribus
2541 1665 2703 1716 tam-

751 1791 936 1851 quam
981 1785 1234 1849 gemmae
1279 1764 1585 1824 habentur
1631 1769 1905 1821 constant
1947 1778 2017 1818 ex
2057 1756 2240 1818 Web.
2277 1764 2339 1814 et
2363 1752 2561 1813 Mohr.
2587 1753 2706 1813 ob-

753 1863 1191 1927 servationibus
1235 1883 1270 1922 e
1321 1860 1481 1920 foliis
1546 1860 1795 1918 minutis
1857 1851 2485 1937 squammaeformibus
2540 1860 2604 1909 et
2659 1873 2699 1910 a

751 1963 898 2025 Voit
941 1981 1077 2020 cum
1117 1956 1367 2018 surculis
1421 1954 1764 2032 cyathiferis
1796 1948 2169 2034 Tetraphidis
2190 1945 2501 2033 pellucidae
2529 1968 2697 2008 com-

753 2068 1066 2143 parantur.

1011 2250 1163 2309 Sect.
1209 2248 1275 2307 11.
1321 2246 1531 2306 Mamm.
1579 2244 1732 2305 Am.
1777 2241 1928 2325 disp.
1974 2241 2141 2302 mech.
2180 2262 2245 2322 p.
2292 2259 2429 2321 292.

833 2440 1094 2524 Capsula
1136 2441 1316 2515 laevis,
1349 2437 1531 2498 flores
1574 2435 1823 2496 masculi
1870 2433 2178 2508 discoidei,
2220 2431 2404 2493 caulis
2441 2431 2694 2515 simplex

751 2552 984 2602 erectus
1027 2540 1256 2600 inferne
1301 2535 1773 2597 subdenudatuS.

1317 2744 1393 2799 -4-
1433 2727 1621 2790 Foliis
1664 2729 2117 2809 immarginatis.

1443 2943 1495 2981 2.
1542 2920 1726 2982 Barna
1771 2940 1996 2981 nosnuu.

829 3119 892 3177 Β.
936 3115 1122 3177 Caule
1164 3137 1198 3177 e
1241 3115 1370 3176 basi
1413 3126 1663 3199 repente
1706 3124 1910 3176 erecto
1960 3111 2254 3194 simplici,
2289 3109 2446 3172 foliis
2490 3112 2690 3180 undu-

747 3216 879 3274 latis
923 3214 1184 3274 obovato
1228 3213 1583 3295 spathulatis
1628 3213 1983 3272 acuminatis
2029 3212 2271 3270 serratis
2315 3207 2691 3289 marginibus

744 3312 976 3372 inferne
1011 3310 1297 3372 revolutis
1331 3331 1519 3371 nervo
1549 3311 1786 3391 apicem
1822 3312 2173 3389 attingente,
2206 3304 2448 3389 capsula
2482 3314 2695 3366 ovato-

745 3405 1008 3488 oblonga
1047 3405 1345 3489 pendula,
1389 3404 1678 3489 operculo
1722 3406 1950 3465 conico.

820 3505 1048 3579 Bryum
1112 3523 1375 3564 roseum.
1417 3501 1654 3563 Schreb.
1709 3501 1893 3582 spicil.
1941 3498 2024 3582 fl.
2073 3501 2200 3584 IJpS.
2251 3522 2315 3583 p.
2380 3496 2478 3575 84.
2521 3497 2691 3558 Brid.

742 3601 912 3659 mech.
951 3620 1015 3681 p.
1048 3618 1069 3657 1
1089 3620 1177 3681 19.
1220 3599 1372 3659 Am.
1413 3596 1566 3681 disp.
1589 3598 1759 3658 meth.
1787 3618 1854 3681 p.
1887 3618 2023 3681 292.
2060 3597 2299 3658 Swartz
2330 3615 2510 3655 masc.
2533 3614 2691 3653 suec.

734 3717 798 3777 p.
842 3694 940 3756 51.
987 3694 1127 3757 Voit
1186 3717 1363 3755 muse.
1407 3695 1624 3777 herbip.
1660 3716 1725 3777 p.
1767 3691 1867 3775 87.
1922 3692 2119 3753 Hook.
2164 3707 2222 3754 et
2269 3688 2337 3755 T
2327 3691 2448 3775 ayl.
2504 3711 2691 3757 masc.

742 3794 866 3853 brit.
903 3814 967 3875 p.
1014 3811 1152 3868 200,
1195 3793 1307 3853 tab.
1352 3813 1449 3874 29.
1492 3790 1649 3852 Dub.
1692 3791 1803 3853 bot.
1840 3792 1979 3871 gall.
2015 3812 2081 3873 p.
2126 3790 2264 3851 550.

825 3889 1054 3951 Mnium
1097 3910 1360 3951 roseum.
1396 3887 1619 3951 Hedw.
1641 3910 1728 3972 sp.
1754 3911 1819 3972 p.
1865 3888 1994 3969 194.
2026 3887 2342 3965 Schwoegr.
2388 3906 2475 3967 sp.
2500 3891 2679 3944 masc.
