2917 5052
758 443 1295 533 schwaegrichenio
1318 460 1379 511 et
1407 449 1485 510 ab
1509 450 1787 509 Arnottio
1825 448 1942 511 sub
1962 448 2080 508 hac
2122 450 2320 530 specie
2363 449 2703 525 reducitur,

756 547 865 607 sed
905 568 976 607 ex
1017 546 1414 630 descriptione
1456 543 1546 606 cl.
1588 544 1771 606 Web.
1816 554 1880 605 et
1909 543 2090 605 Mohr
2131 541 2169 604 l.
2214 565 2265 603 c.
2299 564 2358 623 p.
2403 546 2524 604 312
2548 592 2568 620 ,
2616 547 2700 606 ab

752 642 972 726 Hypno
1014 642 1294 725 plumoso
1335 662 1461 703 non
1501 663 1719 725 parum
1762 641 1987 718 differt,
2026 651 2090 704 et
2129 639 2252 701 huc
2275 642 2699 723 recipiendum

751 761 876 801 non
918 761 1047 801 esse
1090 752 1396 823 putamus.

834 838 1131 899 Caeterum
1189 838 1464 920 quamvis
1530 836 1659 897 haec
1708 838 1934 919 species
1976 835 2055 897 ab
2098 832 2381 897 affinibus
2436 834 2696 897 faciliter

670 936 678 940 ”
751 934 1137 1017 dignoscatur
1179 938 1403 996 mirum
1444 937 1510 995 in
1552 932 1738 996 modo
1783 944 1992 995 vexata
2035 933 2168 994 fuit.

1350 1150 1448 1213 29.
1490 1127 1716 1189 Hrrnmi
1763 1114 2091 1189 varonum.

830 1325 904 1384 H.
947 1323 1134 1386 Caule
1176 1332 1424 1406 repente
1470 1321 1786 1382 confertim
1829 1340 2073 1381 ramoso
2094 1363 2114 1402 ,
2154 1317 2313 1380 foliis
2355 1318 2693 1381 imbricatis

748 1420 1318 1506 erecto-patentibus
1381 1421 1575 1480 ovatis
1631 1414 1727 1477 vel
1791 1415 2139 1478 lanceolatis
2202 1416 2559 1477 acuminatis
2589 1417 2694 1477 'ad

746 1518 978 1600 apicem
1025 1518 1266 1578 serratis
1322 1515 1544 1574 striatis
1599 1532 1787 1573 nervo
1830 1532 2014 1595 supra
2053 1511 2323 1573 medium
2392 1511 2647 1573 evanido
2671 1557 2693 1586 ,

747 1622 877 1674 seta
935 1612 1148 1673 scabra
1172 1657 1192 1687 ,
1245 1608 1492 1693 capsula
1562 1617 1740 1669 ovata
1804 1629 2025 1670 cernua
2052 1654 2071 1685 ,
2132 1606 2426 1692 operculo
2480 1611 2691 1669 conico

746 1706 987 1767 obtuso.

825 1805 1111 1887 Hypnum
1159 1802 1511 1866 velutinum.
1555 1804 1730 1869 Linn.
1795 1824 1882 1887 sp.
1918 1824 1983 1887 p.
2036 1798 2209 1885 1590.
2251 1795 2481 1862 Hedw.
2523 1801 2685 1883 stirp.

744 1899 807 1976 4,
843 1922 907 1985 p.
951 1922 1050 1982 70,
1093 1901 1204 1962 tab.
1251 1899 1348 1961 26.
1390 1898 1605 1987 ΕΪιιεᾱ.
1647 1922 1735 1985 sp.
1772 1922 1836 1984 p.
1881 1919 2019 1980 272.
2042 1899 2361 1978 Schwaegr.
2404 1898 2604 1981 suppl.
2636 1918 2686 1972 1,

746 2018 807 2073 2,
839 2019 906 2081 p.
942 1995 1298 2061 2166.'Bn·d.
1328 2000 1500 2059 mech.
1529 2000 1600 2081 p.
1654 1995 1785 2079 169.
1828 1993 1993 2058 Am.
2034 1994 2187 2080 disp.
2230 1996 2408 2058 mech.
2431 2016 2497 2079 p.
2543 1996 2685 2057 313.

743 2096 985 2158 Swanz
1024 2116 1204 2156 masc.
1244 2112 1397 2156 suec.
1431 2116 1497 2179 p.
1541 2093 1639 2156 66.
1694 2094 1799 2157 W
1790 2093 1873 2154 eb.
1918 2107 1975 2154 et
2012 2093 2200 2154 Mohr
2235 2091 2350 2152 bot.
2400 2092 2582 2153 tasch.
2621 2112 2687 2175 p.

741 2195 881 2255 310.
928 2191 1003 2260 V
994 2195 1077 2254 oit
1134 2215 1313 2255 muso.
1369 2193 1589 2276 herbt‘p.
1625 2212 1689 2275 p.
1742 2213 1872 2252 100.
1929 2186 2131 2252 Hoolt.
2174 2202 2232 2250 et
2278 2188 2453 2272 Tayl.
2495 2210 2690 2249 masc.

737 2289 865 2353 bric.
899 2313 966 2375 p.
1020 2311 1152 2372 177,
1193 2291 1306 2353 tab.
1355 2289 1449 2352 25.
1492 2290 1720 2351 Fiorin.
1764 2288 1962 2349 Mazz.
1992 2287 2176 2371 bryol.
2206 2304 2433 2347 roman.
2469 2305 2534 2368 p.
2577 2287 2679 2351 23.

737 2389 924 2449 Mart.
939 2388 1029 2466 fl.
1071 2401 1257 2470 crypt.
1322 2388 1541 2465 erlang.
1578 2407 1643 2468 p.
1698 2406 1786 2466 17.
1829 2384 1988 2444 Dub.
2052 2383 2164 2443 bot.
2214 2382 2358 2462 gall.
2404 2403 2471 2465 p.
2534 2379 2680 2442 558.

737 2484 951 2545 Pouin.
971 2479 1057 2566 fl.
1102 2503 1291 2543 veron.
1339 2483 1396 2555 3,
1431 2503 1496 2564 p.
1544 2479 1681 2541 353.

784 2580 1108 2662 Hypnum
1129 2573 1491 2639 intricatum.
1512 2578 1752 2638 Schreb.
1773 2578 1955 2662 spicil.
1964 2532 2055 2657 fl.
2085 2576 2214 2661 lips.
2238 2595 2302 2658 p.
2325 2575 2424 2657 99.
2451 2571 2681 2634 Hedw.

734 2678 895 2761 stirp.
918 2676 984 2753 4,
1015 2698 1081 2760 p.
1113 2677 1212 2757 73,
1235 2675 1347 2735 cab.
1374 2671 1471 2734 28.
1501 2672 1707 2751 Ejusd.
1750 2695 1837 2757 sp.
1875 2694 1939 2757 p.
1972 2695 2111 2754 271.
2133 2673 2452 2751 Schwoegr.
2482 2671 2682 2753 suppl.

744 2796 796 2848 1,
839 2794 900 2847 2,
934 2794 998 2855 p.
1044 2774 1181 2832 231.
1225 2768 1391 2829 Brid.
1432 2771 1605 2830 meth.
1643 2791 1709 2852 p.
1762 2790 1893 2850 170.
1927 2770 2164 2830 Swartz
2207 2789 2387 2827 muse.
2430 2787 2580 2826 suec.
2607 2785 2679 2849 p.

736 2847 838 2929 66.
887 2867 1068 2929 Web.
1111 2880 1168 2938 et
1205 2866 1392 2927 Mohr
1449 2866 1561 2925 hot.
1630 2866 1810 2925 tasch.
1843 2887 1909 2949 p.
1957 2867 2093 2947 309.
2151 2864 2336 2925 Mart.
2376 2862 2446 2929 a.
2485 2875 2680 2945 crypt.

739 2964 961 3043 erlang.
996 2983 1060 3048 p.
1113 2961 1204 3034 16.
1247 2962 1463 3023 Pollia.
1494 2962 1570 3035 sl.
1615 2981 1806 3023 veron.
1852 2962 1911 3035 3,
1903 2983 2001 3045 p.
2040 2958 2179 3022 253.

820 3059 1108 3140 Hypnum
1143 3058 1464 3120 Teesdalii.
1498 3058 1698 3119 Dicks.
1733 3058 1819 3142 pl.
1861 3071 2043 3142 crypt.
2087 3058 2212 3117 brit.
2242 3056 2307 3132 4,
2328 3078 2394 3139 p.
2439 3055 2537 3130 ι,6
2560 3056 2682 3118 tab.

744 3176 842 3230 11,
867 3154 976 3236 fig.
1030 3156 1120 3216 13.
1170 3156 1380 3217 Smitlz.
1421 3152 1752 3236 comp.fl.
1761 3154 1887 3214 brit.
1932 3152 2023 3214 ed.
2067 3153 2133 3226 5,
2168 3175 2232 3235 p.
2290 3152 2420 3233 194.

816 3252 912 3312 Ad
953 3264 1175 3313 terram
1219 3253 1285 3313 in
1325 3251 1505 3329 sylvis
1544 3250 1612 3310 di
1652 3229 1992 3352 Redccesio,
2034 3246 2134 3309 del
2173 3246 2684 3327 Ticin0,d'0r1'g-

729 3348 848 3429 gio,
890 3345 1155 3428 alibique
1199 3347 1507 3429 frequenS.
1611 3361 1618 3372 ‘

811 3443 1014 3504 Caulis
1058 3443 1304 3504 uncialis
1347 3444 1444 3505 vel
1486 3445 1668 3504 etiam
1714 3442 2183 3524 sesquiuncialiS,
2216 3443 2370 3503 rami
2406 3440 2678 3523 plerum-

729 3561 849 3623 que
892 3540 1189 3624 simplices
1231 3539 1627 3601 erectiusculi.
1649 3538 1829 3600 Folia.
1868 3543 2132 3601 siccitate
2155 3538 2418 3621 cr'ispula
2440 3536 2518 3597 ad
2542 3539 2679 3617 api·

730 3657 869 3697 cem·
908 3657 1216 3696 ramorum
1263 3635 1630 3717 quandoque
1675 3635 2054 3700 subsecanda
2085 3683 2103 3711 ,
2168 3635 2391 3718 pallide
2456 3632 2677 3693 viridia

728 3731 827 3794 vel
870 3731 1220 3794 latescentia
1241 3777 1260 3807 ,
1300 3731 1726 3813 perichaetialia
1766 3735 1829 3794 in
1871 3755 2127 3795 acumen
2182 3730 2467 3793 filiforme
2523 3749 2676 3811 pro-

730 3830 931 3891 ducta.
973 3828 1116 3889 Seta
1157 3831 1546 3889 semiunciam
1589 3829 1791 3912 longa,
1835 3842 2099 3892 saturata
2146 3843 2453 3913 purpurea
2477 3873 2495 3901 ,
2539 3847 2673 3886 sca-

602 3908 611 3912 ·
693 3934 698 3938 ’
731 3925 1017 3988 berrima.
1060 3923 1321 4010 Capsula
1362 3925 1476 3988 sub
1519 3948 1627 3989 010
1667 3926 1918 4011 paulum
1954 3929 2277 3989 constricta
2313 3924 2674 3987 rufo-fusca.
