2917 5052
1954 518 1977 558 ¹
1986 520 2063 578 ⁰7

137 610 352 672 Pollia.
367 606 454 694 fl.
499 628 688 670 vemn.
732 610 790 683 3,
824 630 888 691 ρ.
933 607 1073 669 361.
1115 608 1276 668 Bate.
1320 622 1379 669 et
1415 607 1513 668 De
1555 606 1694 667 Not.
1727 627 1909 670 muse.
1942 609 2073 671 Me-

113 704 280 766 ‘dioL
324 707 538 767 exsicc.
554 704 719 786 fasc.
761 703 857 779 ΙΙ,
897 726 956 764 n.
1006 702 1087 766 28
1128 718 1185 765 et
1226 724 1323 788 ²9·

224 802 512 883 Hypnum
553 815 983 883 compressum.
1027 801 1202 862 Linn.
1266 814 1450 862 mant.
1494 821 1529 860 a
1558 847 1577 875 ,
1625 822 1693 884 p.
1751 801 1874 861 3ιο
1915 801 2079 882 (non

135 898 384 960 Schreb.
407 897 453 972 ).
1063 923 1072 975 j

226 995 515 1075 Hypnum
559 991 940 1076 polyanthos.
983 988 1195 1054 Smilla.
1226 989 1301 1075 fl.
1344 992 1469 1055 bn‘c.
1513 994 1573 1069 3,
1604 1012 1671 1078 p.
1726 989 1877 1074 1278
1918 992 2077 1074 (non

224 1185 514 1268 Hypnum
553 1186 730 1267 nigro
771 1183 980 1245 viride.
1022 1182 1225 1245 Dicks.
1260 1186 1348 1268 pl.
1390 1200 1577 1271 crypt.
1618 1186 1745 1247 brit.
1778 1178 1850 1263 ἆ,
1880 1209 1946 1270 ρ.
1989 1185 2077 1250 ι8.

222 1281 514 1363 Hypnum
556 1283 876 1364 decipiens.
916 1277 1154 1361 Hqffin.
1195 1279 1451 1341 deutsch.
1481 1277 1558 1364 fl.
1614 1301 1676 1357 2,
1704 1305 1770 1364 p.
1813 1283 1912 1364 73.

227 1378 373 1439 Dia
418 1379 545 1439 hist.
588 1399 766 1438 masc.
810 1377 921 1438 tab.
967 1375 1065 1451 36,
1091 1376 1204 1459 fig.
1249 1398 1357 1447 22;
1381 1390 1440 1439 ee
1467 1378 1570 1458 37,
1594 1377 1708 1461 fig.
1752 1380 1860 1448 23‚·
1889 1392 1948 1441 ee
1975 1380 2081 1457 41,

117 1473 241 1557 fig.
287 1472 385 1535 53.
418 1474 596 1538 Vaill.
639 1474 751 1535 bot.
785 1475 970 1556 paris·
1014 1473 1126 1534 tab.
1173 1494 1274 1554 27,
1300 1473 1554 1557 fig.13.
1780 1515 1783 1520 »

225 1572 297 1630 In
335 1572 507 1631 tectis
530 1616 555 1645 ,
600 1571 832 1645 muris,
874 1568 954 1629 ad
993 1568 1283 1629 arborum
1326 1579 1577 1632 truncos
1630 1580 1692 1632 et
1733 1570 1815 1634 ad
1853 1576 2080 1636 terram
2148 1597 2151 1600 ·

137 1666 277 1728 fere
315 1665 571 1748 ubique.
647 1717 655 1734 ,
1634 1748 1639 1752 .
2140 1663 2143 1664 ⁷

227 1762 432 1823 Caulis
472 1759 885 1822 bi-triuncialis
905 1806 924 1837 ,
964 1761 1372 1843 procumbens
1396 1808 1414 1838 ,
1471 1766 1635 1824 rami·
1668 1765 1798 1826 fere
1840 1783 2082 1848 semper

138 1858 449 1940 simplices
498 1855 878 1938 erectixusculi
935 1860 1104 1939 ap'ice
1146 1858 1496 1920 subcurvati
1523 1904 1542 1935 ,
1594 1864 1819 1936 crassi,
1859 1871 2082 1925 teretes

136 1954 242 2014 vel
286 1953 762 2029 semicylindrici.
803 1952 982 2014 Folia
1023 1952 1250 2036 pallide
1294 1955 1544 2030 viridia,
1585 1967 1713 2018 seta
1753 1964 1929 2020 uncia
1969 1963 2083 2021 mi-

138 2069 263 2109 nor
290 2070 599 2131 purpurea
631 2048 816 2123 laevis,
853 2047 1098 2130 capsula
1130 2047 1455 2123 cylindrica
1477 2050 2082 2136 rutilo-badia‚.oper-

140 2143 267 2205 culi
309 2154 574 2206 rostrum
615 2145 801 2205 breve
844 2153 1113 2203 erectum
1157 2143 1256 2202 vel
1297 2155 1630 2205 curvatum.

219 2240 417 2301 Ludit
457 2240 628 2300 caule
671 2239 953 2319 elongato
999 2237 1206 2319 gracili
1246 2258 1430 2318 parce
1473 2257 1716 2300 ramoso
1758 2246 1957 2318 tereti,
1984 2245 2082 2306 vel

140 2357 352 2400 crasso
393 2337 567 2397 brevi
609 2335 929 2396 suberecto
954 2378 973 2409 ,
1016 2336 1200 2393 ramis
1241 2334 1616 2415 longitudine
1649 2340 1847 2411 variis,
1888 2359 2084 2419 aequa-

136 2433 327 2509 libus,
370 2434 711 2506 attenuatis,
752 2429 849 2491 vel
887 2431 1223 2492 incrassatis
1235 2452 1255 2501 3
1296 2430 1453 2491 foliis
1496 2432 1935 2495 rufescentibus
1977 2436 2084 2497 fal-

138 2534 297 2592 catis
337 2528 435 2590 vel
477 2526 788 2608 :equaliter
825 2526 1162 2589 imbricatis
1196 2530 1501 2611 appressis
1521 2531 1619 2590 vix
1660 2529 2083 2605 subsecundis;

140 2625 407 2710 capsulis
450 2623 951 2705 ovato-oblongis,

229 2721 426 2802 Stirps
470 2740 630 2779 vere
665 2717 1075 2800 polymorpha
1118 2717 1197 2778 ab
1244 2718 1595 2780 acutoribus
1635 2722 1700 2789 in
1742 2719 1944 2801 plures
1985 2745 2085 2785 va-

142 2821 395 2877 rietates
456 2815 635 2876 nullis
699 2812 891 2895 firmis
946 2815 1235 2875 limitibus
1291 2814 1597 2877 distinctas
1661 2814 1848 2878 divisa
1871 2863 1890 2894 ,
1930 2841 2082 2900 quas

143 2910 457 2976 indefinite
500 2933 722 2993 augere
761 2914 1199 2993 potuissemuS,
1242 2912 1348 2972 sed
1391 2916 1830 2995 praeposuimus
1872 2936 2083 2977 omnes

145 3013 214 3070 in
255 3030 445 3071 unum
486 3009 794 3090 colligere,
821 3029 963 3068 nam
993 3028 1149 3089 saepe
1192 3010 1405 3089 saepius
1437 3009 1569 3089 ipsa
1598 3012 1890 3091 ipsissima
1917 3011 2085 3093 plan·

145 3114 215 3164 ta
257 3107 520 3165 occurrit
559 3108 744 3165 ramis
785 3103 1188 3166 diversimode
1223 3102 1611 3186 configuratis
1642 3109 1726 3166 ita
1758 3118 1829 3168 ut
1858 3109 2084 3172 frustra

146 3201 232 3262 ad
275 3210 488 3283 typum
531 3211 763 3261 certum
804 3200 1011 3268 reduci
1052 3208 1251 3280 queat.
1285 3198 1420 3260 Hoc
1462 3199 1706 3280 quidem
1749 3207 2084 3266 sentierunt

146 3300 444 3359 Auctores
484 3298 869 3378 Muscologiae
909 3297 1280 3371 Britannicae,
1322 3296 1586 3357 dicentes
1634 3322 1671 3351 α
1694 3299 1795 3358 So
1835 3303 2084 3382 spot-eive

148 3395 200 3454 is
245 3397 339 3456 the
372 3409 610 3476 present
668 3394 886 3478 species
937 3389 1063 3454 that
1102 3395 1153 3452 is
1192 3393 1460 3474 scarcely
1493 3395 1748 3475 possible
1792 3409 1849 3456 to
1890 3396 2083 3478 dfine

144 3491 213 3551 in
252 3491 460 3573 asew
497 3489 703 3554 words
742 3492 837 3553 the
887 3489 1084 3551 marks
1144 3490 1446 3572 belongirtg
1479 3504 1538 3552 to
1578 3511 1703 3576 any
1740 3492 1939 3574 ostloe
1989 3514 2086 3556 va-

148 3588 344 3647 rieties
381 3613 442 3647 n.
1570 3642 1573 3645 ,
1762 3588 1767 3589 ’
1960 3646 1965 3649 ,

233 3678 535 3766 Hypnum
560 3681 933 3767 polyanthoe.
957 3678 1155 3741 smith
1196 3681 1362 3762 quod
1403 3692 1495 3743 est
1534 3683 1693 3742 inter
1732 3701 1941 3744 omnes
1983 3703 2084 3745 va·

150 3780 399 3839 rietates
434 3778 842 3860 conspicuum,
885 3776 1198 3859 hucusque
1238 3781 1303 3838 in
1345 3798 1494 3858 agro
1526 3777 1956 3841 Mediolanensi
1985 3777 2086 3838 de-

153 3875 521 3946 sideramus3
563 3874 954 3936 nihilominus
975 3874 1272 3936 habemus
1305 3873 1540 3955 aliquot
1572 3876 1897 3957 specimina
1931 3871 2085 3934 lecta

163 3971 228 4030 in
271 3970 455 4046 sylvis
487 3973 655 4033 siccis
689 3992 823 4053 quae
857 3993 994 4034 cum
1019 3970 1128 4034 illo
1160 3969 1442 4035 omnibus
1475 3969 1918 4033 characteribus
1946 3989 2088 4037 con·
