2917 5052
2133 502 2219 586 69

279 606 656 696 longitudine
698 625 1085 691 summopere
1127 604 1532 670 18ἀ888.88ῑ8
1574 627 1610 667 a
1651 596 1976 671 semiuncia
2006 609 2086 673 ad
2116 632 2224 673 un·

278 711 440 770 ciam
484 707 684 789 longa,
725 724 1054 788 purpurea,
1094 703 1267 767 laevis.
1309 700 1573 807 Capsula
1612 707 1958 767 maturitate
1989 707 2188 769 badia.

369 803 611 894 Species
650 798 1059 883 polymorpha
1101 798 1306 881 quoad
1344 802 1657 859 ramorum
1694 784 2132 881 longitudinem
2162 813 2226 865 et

280 886 711 969 directionem,
752 893 957 975 quoad
978 892 1124 954 folia
1156 892 1294 976 plus
1321 892 1427 954 vel
1449 894 1648 954 minus
1681 893 2017 970 imbricata,
2040 894 2224 977 plana

275 990 379 1051 vel
410 987 877 1062 concaviuscula‚
897 986 1034 1071 plus
1061 991 1260 1049 minus
1281 987 1426 1063 lata,
1448 987 1754 1049 interdum
1789 999 1984 1065 acuta,
2018 992 2236 1072 quoad‘

276 1105 538 1147 nervum
597 1094 1002 1146 excurrentem
1047 1084 1142 1145 vel
1184 1084 1453 1146 medium
1522 1094 1755 1145 tantum
1823 1088 2221 1169 attingentem

278 1182 381 1244 vel
421 1202 577 1266 pene
619 1174 1006 1253 obsoletum3
1070 1183 1155 1242 ita
1206 1191 1279 1241 ut
1325 1183 1646 1243 varietates
1707 1180 2000 1244 limitibus
2041 1187 2220 1247 certis

280 1279 542 1342 definitis
584 1280 760 1338 statui
801 1287 1123 1359 nequeant.

364 1376 656 1460 Hypnum
694 1392 932 1459 serpens
970 1397 1024 1451 γ.
1067 1373 1360 1435 clavatum
1398 1373 1598 1434 Martii
1639 1372 1680 1434 1.
1724 1395 1774 1435 8.
1815 1396 2020 1436 88888
2083 1397 2224 1458 spe·

280 1472 402 1532 cies
443 1470 529 1530 81)
565 1469 680 1530 hac
721 1468 957 1528 diversa
1020 1458 1364 1530 censenda?
1404 1468 1636 1532 Praeter
1698 1467 2074 1530 characteres
2115 1470 2222 1532 de-

278 1577 553 1650 sumptos
596 1587 632 1627 e
675 1563 1065 1646 dispositione
1100 1564 1386 1626 foliorum
1422 1574 1485 1624 et
1526 1565 1849 1639 forma,.et
1888 1567 2058 1625 nervi
2088 1563 2220 1626 lon-

276 1663 561 1745 gitudine
590 1661 796 1722 differt
837 1657 916 1720 ab
958 1658 1186 1746 Hypno
1229 1674 1513 1752 serpente,
1555 1659 1799 1744 capsula
1833 1670 2013 1721 ovata
2054 1681 2220 1724 erec-

276 1768 363 1835 ta,
405 1757 817 1841 operculoque
856 1760 1064 1818 conico
1108 1757 1391 1839 elongato
1435 1767 1633 1818 acuto.
1741 1784 1746 1789 ·

360 1853 654 1937 Hypnum
666 1851 970 1934 fluviatile
1009 1853 1209 1928 Funk,
1233 1852 1675 1935 flagellg'fbme,
1716 1851 1999 1929 radicale,
2038 1852 2216 1914 subti-

246 1950 357 2024 rle,
396 1948 811 2024 inordinatum,
848 1963 909 2011 et
942 1948 1327 2011 orthocladon
1379 1949 1542 2010 Brid.
1584 1949 1706 2012 huc
1747 1971 1994 2032 quoque
2042 1971 2212 2032 spec-

280 2054 413 2105 tant
452 2066 525 2106 ex
565 2043 913 2106 auctoribus
952 2045 1203 2106 Muscol.
1242 2045 1629 2120 Britannicae,
1669 2056 1731 2107 et
1772 2067 1987 2106 revera
2051 2065 2217 2106 com-

277 2144 501 2225 paratis
542 2141 1066 2224 descriptionibus,
1106 2141 1449 2214 discrimina
1482 2143 1641 2202 inter
1674 2140 1807 2201 illas
1837 2144 2086 2225 species
2083 2142 2217 2203 nul-
2234 2173 2238 2176 >

277 2235 393 2297 lius
433 2239 724 2298 momenti
786 2235 1068 2296 videntur
1110 2245 1172 2295 et
1212 2238 1341 2319 ipse
1381 2234 1586 2296 Bridel
1642 2237 2008 2317 quandoque
2070 2259 2216 2298 con-

277 2335 440 2394 venit
478 2333 557 2395 de
598 2331 842 2392 illarum
882 2329 1214 2392 identitate.

413 2521 572 2585 Sect.
613 2521 714 2586 vl.
754 2521 1186 2586 Prrcnoranu.
1228 2521 1380 2586 Aru.
1421 2521 1575 2608 disp.
1615 2523 1793 2590 mech.
1825 2545 1890 2609 p.
1936 2525 2077 2587 312.

358 2712 596 2776 Surculi
636 2714 1003 2776 teretiusculi
1046 2737 1196 2798 vage
1241 2719 1509 2792 ramosi,
1567 2716 1713 2779 solia
1753 2715 2085 2779 lanceolata
2131 2720 2218 2778 in-

277 2825 443 2897 tegra
484 2812 709 2885 striata,
750 2811 995 2894 capsula
1036 2822 1238 2873 erecta
1283 2812 1374 2871 vel
1417 2834 1659 2875 cernua.

902 3006 991 3064 13.
1034 3003 1262 3065 Hrrmm
1306 3025 1606 3064 nurnscxns.

358 3196 429 3257 H.
472 3196 660 3259 Caule
701 3194 908 3259 erecto
948 3196 1045 3256 vel
1088 3196 1450 3257 ascendente
1490 3216 1673 3276 parce
1718 3215 1960 3259 ramoso
1987 3244 2006 3273 ,
2051 3197 2212 3258 foliis

278 3291 459 3354 dense
488 3293 817 3353 imbricatis
850 3292 1429 3376 erecto-patentibus
1463 3292 1807 3354 lanceolatis
1831 3297 2050 3355 striatis
2079 3316 2215 3356 acu-

276 3390 677 3449 minatissimis
718 3390 966 3468 integris
1021 3389 1220 3448 nervis
1264 3388 1505 3448 duobus
1567 3385 1860 3449 brevibus
1895 3381 2215 3450 ¹obsoletis

274 3483 403 3543 basi
443 3485 786 3559 instructis,
828 3493 954 3543 seta
994 3483 1158 3559 laevi,
1201 3483 1448 3567 capsula
1490 3482 1755 3602 oblonga
1797 3486 2215 3622 erectiuscula,

277 3579 564 3663 operculo
606 3581 815 3640 conico
858 3582 1201 3641 acuminato
1243 3583 1538 3658 incurvo.
2214 3583 2222 3592 ’

354 3676 636 3757 Hypnum
681 3676 1000 3738 rufescens.
1043 3673 1246 3739 Dicks.
1281 3677 1368 3761 pl.
1408 3692 1597 3762 crypt.
1640 3676 1765 3739 brit.
1814 3679 1872 3754 3,
1906 3699 1971 3763 p
2006 3698 2070 3761 9,
2094 3676 2205 3738 tab.

277 3769 472 3853 8,.fig
517 3771 782 3847 4de.
824 3793 976 3855 spec.
1018 3789 1197 3832 masc.
1242 3794 1276 3833 2
1300 3796 1423 3857 ,p
1476 3772 1607 3835 118.
1649 3774 1801 3836 Am.
1842 3774 2222 3858 άὶεμηιεεῑῆ.ι

269 3888 330 3950 p.
389 3868 525 3929 312.
580 3864 816 3933 Swarlz
879 3873 1061 3930 musci
1105 3889 1256 3929 suec.
1291 3891 1357 3953 p.
1399 3869 1512 3931 6ι.
1550 3870 1729 3933 Web.
1771 3885 1827 3932 et
1870 3871 2054 3938 Mola·
2095 3867 2206 3928 bot.

279 3965 452 4027 tasch.
481 3986 545 4045 p.
592 3964 727 4039 348.
763 3963 959 4025 Hook.
994 3978 1050 4026 et
1080 3964 1251 4047 Tayl.
1293 3985 1474 4027 muse.
1509 3965 1634 4028 brie.
1670 3987 1737 4048 p.
1778 3964 1913 4041 164,
1953 3962 2065 4026 tab.
2111 3960 2207 4022 25.

280 4056 438 4123 Dub.
483 4060 594 4122 bot.
633 4060 772 4140 gall.
808 4081 874 4142 p.
916 4059 1056 4126 556.
2187 4109 2192 4114 .
