2917 5052
2145 395 2224 474 47

290 519 389 557 ma
433 510 492 559 et
535 499 861 559 directione
905 498 1284 582 capsularum
1316 545 1334 572 ,
1384 504 1469 561 ita
1512 512 1581 561 ut
1628 507 1955 566 mentiatur
1997 510 2227 587 species

292 604 424 655 toto
467 594 611 656 caelo
655 596 936 657 diversas.

374 691 705 768 Synonima
754 714 885 773 quae
929 691 1050 752 huc
1091 691 1422 755 trahximus
1479 697 1701 777 partim
1757 716 1827 756 ex
1870 702 2227 759 auctoritate

289 791 685 851 Summornm
729 791 1220 874 Muscologorum
1277 796 1500 875 partim
1545 815 1617 855 ex
1660 793 1931 876 diligenti
1976 817 2226 878 compa-

286 889 522 948 ratione
567 887 909 947 tabularum
945 897 1006 948 et
1040 890 1434 971 speciminum
1470 901 1860 972 acceptorum
1891 890 2050 952 hanc
2091 913 2225 975 spe·

286 986 444 1043 ciem
487 1003 874 1066 summopere
916 983 1387 1069 polymorpham
1432 986 1763 1048 declarant.

371 1081 600 1163 Btyum
640 1083 992 1143 turbinatam
1027 1082 1171 1142 dum
1215 1105 1286 1145 ex
1326 1106 1449 1145 uno
1497 1082 1686 1146 latere
1718 1084 1950 1145 accedit
1979 1085 2058 1146 ad
2080 1106 2229 1168 prae·

287 1177 601 1239 cedentem
630 1182 926 1261 speciem,
969 1180 1264 1262 gradatim
1306 1202 1420 1263 pro
1464 1181 1581 1242 loci
1624 1181 1838 1241 natalis
1883 1183 2229 1244 diversitate

288 1275 515 1337 formas
557 1278 711 1357 Bryi
750 1278 1042 1360 caespicicii
1081 1280 1364 1348 assumit3
1405 1280 1493 1338 ita
1534 1289 1603 1337 ut
1648 1298 1803 1360 saepe
1850 1283 2065 1362 saepius
2108 1280 2234 1340 dia-

288 1377 490 1452 gnosis
532 1372 884 1451 difficillima
926 1374 1157 1435 evadat.
1223 1375 1357 1436 Hoc
1417 1375 1661 1457 quidem
1724 1377 1844 1456 jam
1899 1377 2057 1437 bene
2102 1398 2235 1437 sen-

289 1474 515 1533 tierunt
581 1473 882 1533 oculatiSS.
925 1473 1218 1533 Auctores
1271 1472 1667 1554 Muscologiae
1732 1472 2085 1533 Britannicae
2128 1476 2236 1555 qui

290 1567 533 1629 dicunt:
583 1596 618 1623 cc
657 1569 833 1631 How
867 1569 985 1650 sar
1035 1571 1082 1630 it
1118 1569 1314 1630 met-its
1377 1583 1436 1631 to
1494 1570 1563 1630 be
1611 1568 2038 1649 distinguished
2074 1590 2145 1630 as
2191 1590 2236 1632 a

293 1691 330 1719 cc
369 1670 588 1750 species
608 1668 781 1750 from
824 1665 1060 1749 Btyum
1109 1668 1482 1752 caespiticium
1527 1688 1606 1728 on
1659 1668 1753 1727 the
1797 1686 1909 1725 one
1940 1665 2127 1741 hand,
2168 1688 2241 1731 or

295 1788 332 1815 ce
371 1764 602 1842 Bryum
641 1765 1014 1826 ventrio-osum
1053 1785 1133 1826 on
1175 1766 1269 1827 the
1308 1765 1477 1825 other·
1494 1809 1518 1839 ,
1557 1777 1710 1825 must
1757 1763 1876 1824 still
1929 1765 2156 1825 renusin
2195 1783 2237 1826 a

295 1885 332 1911 ce
373 1861 656 1942 question.
697 1887 734 1915 υ

374 1957 601 2036 Btyum
643 1956 982 2037 longisetum
1017 1956 1337 2040 Schwaegr.
1382 1967 1444 2018 et
1475 1959 1821 2035 annotinum
1854 1956 2064 2018 Hedw.
2100 1977 2235 2038 quae

294 2075 428 2114 curn
475 2054 865 2114 dubitationis
929 2058 1101 2136 signo
1144 2055 1265 2116 huc
1307 2076 1556 2136 quoque
1603 2052 1932 2114 trahuntur
1973 2051 2051 2112 ab
2095 2074 2236 2112 auc·

290 2150 523 2210 toribus
565 2172 762 2232 nuper
805 2154 997 2210 citatis
1039 2151 1317 2210 consulto
1364 2153 1678 2209 omisimus
1702 2192 1721 2219 ‚
1763 2169 1905 2206 nam
1960 2150 2234 2227 quamvis

290 2247 594 2307 nonnullis
638 2245 1088 2306 characteribus
1133 2265 1272 2303 cum
1315 2245 1433 2303 hac
1478 2248 1676 2326 specie
1721 2244 2109 2314 conveniant,
2150 2253 2238 2300 ta-

289 2364 433 2403 men
461 2342 539 2402 ab
569 2362 640 2400 ea
675 2338 992 2421 paululum
1032 2338 1326 2399 recedunt
1356 2338 1575 2400 habitu
1605 2349 1666 2399 et
1697 2339 1895 2398 forma
1928 2335 2235 2396 foliorum.

957 2553 1049 2612 ¹7·
1096 2532 1281 2596 Bam
1324 2555 1573 2595 nmmum.

367 2727 431 2787 Β.
474 2725 661 2786 Caule
691 2724 974 2808 elongato
1005 2746 1249 2787 ramoso
1284 2729 1475 2788 ramis
1511 2727 1853 2809 fastigiatiS,
1882 2725 2039 2788 foliis
2070 2735 2232 2785 arcte

288 2824 616 2886 imbricatis
647 2826 860 2884 erectis
904 2822 1251 2884 lanceolatis
1286 2827 1561 2906 margine
1597 2824 1887 2885 revolutis
1930 2824 2098 2904 apice
2123 2821 2232 2881 ob-

287 2939 459 2979 scure
502 2918 812 2979 serrulatis
837 2964 856 2993 ,
897 2938 1087 2979 nervo
1129 2922 1364 3001 apicem
1408 2924 1741 3003 attingente
1765 2958 1785 2996 ,·
1829 2917 2076 3002 capsula
2122 2916 2244 2984 obe.

290 3016 472 3097 longa
512 3025 690 3076 ovata
730 3015 1012 3098 pendula,
1056 3016 1347 3097 operculo
1389 3039 1655 3079 convexo
1686 3026 2064 3078 mucronatO.
2204 3004 2222 3012 '⁴

373 3112 600 3187 Bryum
623 3112 915 3196 alpinum.
941 3114 1121 3173 Linn.
1149 3127 1330 3175 mant.
1359 3134 1422 3188 2,
1439 3135 1505 3197 p.
1539 3116 1677 3198 309.
1705 3116 2021 3193 Schwaegr.
2043 3112 2234 3195 suppl.

303 3229 357 3282 1,
385 3228 443 3282 2,
463 3230 528 3291 p.
559 3206 661 3299 98,
699 3210 810 3270 tab.
839 3212 937 3291 73.
966 3207 1174 3288 EJusd.
1217 3232 1307 3292 sp.
1337 3231 1517 3270 masc.
1560 3232 1610 3286 1,
1644 3233 1708 3294 p.
1743 3210 1842 3287 64.
1871 3207 2044 3271 Brid.
2067 3208 2236 3269 mech.

285 3322 350 3385 p.
404 3302 534 3365 118.
577 3303 727 3365 Arn.
767 3304 922 3387 disp.
966 3307 1140 3365 mech.
1175 3328 1243 3389 p.
1290 3306 1426 3390 295.
1477 3307 1720 3369 Swarcz
1762 3328 1942 3366 muse.
1984 3327 2135 3365 suec,
2172 3325 2237 3388 p.

293 3399 391 3479 47.
436 3401 631 3462 Hook.
675 3416 732 3462 ec
766 3403 939 3484 Tayl.
981 3423 1161 3465 masc.
1197 3403 1328 3464 brit.
1367 3425 1430 3485 p.
1471 3402 1617 3478 205,
1660 3404 1773 3464 tab.
1811 3406 1907 3465 28.
1942 3398 2102 3462 Dub.
2126 3401 2238 3461 boc.

291 3496 426 3575 gall.
464 3518 530 3579 p.
563 3496 705 3559 551.
749 3500 910 3559 Bal-5.
955 3512 1011 3558 ec
1049 3499 1146 3557 De
1179 3499 1319 3561 Noc.
1364 3513 1514 3561 cent.
1540 3500 1603 3575 I,
1644 3522 1700 3561 n.
1744 3498 1806 3576 5,
1849 3501 1910 3559 in
1938 3498 2087 3559 Bibl.
2117 3497 2235 3558 ital.

296 3606 429 3652 tom.
475 3592 578 3669 64.

374 3688 610 3751 Mnium
653 3691 940 3775 alpinum.
984 3692 1159 3753 Linn.
1179 3693 1275 3775 fil.
1320 3699 1493 3758 meth.
1539 3717 1715 3756 muso.
1756 3718 1822 3778 p.
1868 3691 2005 3754 366.

376 3783 446 3845 In
490 3786 745 3849 collibus
787 3810 978 3872 prope
1009 3790 1461 3853 Sesto-Calende
1494 3805 1554 3855 et
1582 3798 1642 3855 in
1666 3795 1883 3875 apricis
1928 3789 2232 3864 sylvarum

295 3879 452 3942 della
496 3885 770 3946 Merzata.

381 3979 776 4062 Caespitosum
820 3994 1015 4047 totum
1059 3983 1622 4066 rufo-sanguineum
1670 3989 1762 4048 vel
1808 3996 1940 4045 atro
1999 3981 2234 4059 sangui·
