2917 5052
754 474 759 482 .
2079 414 2161 477 53

216 522 296 578 tis
342 523 610 580 concavis
681 519 1234 582 ovato-lanceolatis
1290 523 1651 581 acuminatis
1715 524 1964 604 integris
2028 524 2159 585 basi
2219 570 2223 574 -

219 615 492 677 obsolete
532 617 840 693 binerviis,
881 617 1129 729 capsula
1157 617 1359 679 erecta
1384 627 1581 692 ovata,
1615 619 1905 700 operculo
1949 642 2159 717 comeo

217 709 443 772 obtuso
481 710 909 774 mucronulato
952 717 1220 774 incurvo.
2019 776 2022 781 ⁴
2071 777 2088 784 ,

300 808 665 871 Anomodon
708 810 1142 872 cladorhiz'ans.
1186 811 1352 871 Bals.
1394 823 1453 871 et
1491 812 1588 870 De
1628 809 1768 871 Not.
1810 830 1945 871 nus.
2017 821 2024 827 '
2063 828 2068 831 “
2145 842 2160 878 ι

299 898 562 966 Neckera
604 906 1034 968 cladorhizans.
1070 905 1294 968 Hedw.
1340 928 1424 990 sp.
1464 929 1528 990 p.
1575 927 1714 987 207,
1759 907 1873 967 tab.
1915 907 2018 988 47,
2042 908 2156 989 fig.

225 1000 415 1062 1—6.'
447 1001 606 1062 Brid.
649 1005 819 1065 meth.
853 1026 922 1087 pz-
977 1003 1112 1065 138.
1143 1006 1294 1064 Am.
1328 1003 1480 1087 disp.
1525 1005 1697 1064 meth.
1734 1026 1798 1087 p.
1836 1005 1975 1065 301.
2018 1005 2153 1067 DC.

186 1099 279 1180 fl.
308 1098 400 1180 ft.
438 1121 473 1159 2
508 1121 574 1183 p.
615 1100 754 1176 542.
798 1100 954 1159 Dub.
979 1101 1089 1160 bot.
1115 1101 1255 1180 gall.
1291 1121 1356 1182 p.
1389 1098 1574 1160 1036.'
1605 1100 1766 1161 Bate.
1809 1112 1868 1164 ec
1886 1101 1983 1163 De
2014 1099 2153 1161 Noe.

211 1209 359 1257 cent.
383 1196 445 1267 I,
484 1218 542 1255 n.
586 1191 926 1270 3,1·nBib1.
957 1195 1076 1256 itae.
1120 1208 1258 1256 tom.
1303 1216 1403 1273 70·

244 1293 364 1351 In
396 1289 636 1352 maeniis
670 1290 893 1352 urbis,

294 1385 539 1448 Unciale
580 1392 910 1462 ramosum,
944 1388 1095 1447 rami
1139 1390 1431 1448 attenuati
1467 1389 1717 1461 arcuati,
1743 1385 2026 1469 radiculis
2057 1406 2157 1446 ru-

205 1481 521 1543 tilantibus
566 1503 637 1543 ex
680 1483 967 1543 foliorum
1011 1483 1199 1544 axillis
1241 1483 1384 1544 hinc
1411 1483 1554 1546 inde
1587 1481 2031 1565 prodeuntibus
2063 1502 2157 1542 ra-

203 1579 495 1640 dicantes·
545 1580 722 1640 Folia
784 1581 1037 1640 nitentia
1100 1580 1536 1641 aureo-viridia
1558 1625 1582 1653 ,
1642 1581 2111 1660 ferrugineaque
2138 1624 2157 1653 ,

200 1675 337 1736 basi
380 1668 552 1758 plicis
595 1667 831 1736 duabus
873 1674 1304 1757 marginalibus
1359 1685 1694 1758 angustata.
1755 1675 1914 1736 Setae
1969 1676 2155 1745 ramis

196 1768 513 1851 longiores
556 1769 835 1834 solitariae
870 1771 962 1831 vel
997 1781 1355 1853 aggregatae.
1385 1772 1816 1833 Peristomium
1846 1770 2152 1831 internum

200 1887 237 1926 e
284 1864 434 1925 ciliis
477 1886 512 1926 e
538 1864 742 1927 'latere
783 1866 1056 1927 dentium
1097 1867 1482 1928 nascentibus
1528 1869 1951 1951 compositum.

252 1963 598 2022 “Immerito
640 1963 729 2022 Cl.
767 1963 929 2023 nub.
972 1966 1036 2023 in
1078 1964 1205 2024 bot.
1252 1964 1391 2045 gall.
1434 1964 1473 2024 l.
1517 1987 1566 2025 e.
1610 1964 1753 2024 huic
1794 1964 2014 2045 speciei
2050 1964 2154 2021 tri-

198 2057 343 2118 buit
383 2053 545 2119 folia'
566 2059 1012 2120 ev'anidinervia
1054 2081 1194 2120 cum
1224 2081 1467 2142 semper
1500 2061 1774 2121 binervia
1809 2068 2149 2134 occurrant,

199 2154 419 2215 saltem
444 2158 505 2216 in
533 2155 960 2237 speciminibus
986 2155 1538 2216 Mediolanensibus
1570 2167 1631 2216 et
1660 2154 1979 2214 Helveticis
2014 2173 2147 2234 quae

198 2250 433 2332 pluries
476 2253 973 2311 examinavimus·
1349 2262 1357 2268 '

308 2348 532 2424 Quoad
583 2345 882 2406 radiculas
925 2336 1015 2404 ad¹
1047 2347 1280 2426 apicem
1325 2345 1421 2404 vel
1465 2344 1543 2404 ad
1584 2345 1778 2404 basim
1808 2373 1812 2376 >
1838 2360 2150 2402 ramorum

195 2452 519 2502 nascentes
584 2443 703 2521 jam
762 2442 1111 2499 monuimus
1152 2439 1262 2499 has
1313 2443 1680 2500 constituere
1731 2437 2146 2498 characterem

192 2532 373 2620 parri
416 2538 731 2611 momenti,
765 2556 885 2615 qua
916 2536 1093 2595 dere
1127 2541 1448 2595 varietates
1483 2535 1617 2595 duae
1650 2536 1937 2594 nimirum
1968 2534 2149 2593 Ame-

192 2639 408 2695 ricana
451 2642 512 2692 et
549 2632 881 2713 Europaea,
910 2635 972 2692 in
1016 2632 1237 2712 quibus
1302 2633 1492 2693 divisa
1543 2634 1656 2691 fuit
1719 2631 1850 2690 haec
1917 2631 2147 2711 species

195 2740 343 2790 sunt
387 2728 783 2789 eliminandae.
1059 2723 1063 2728 ⁴

289 2826 578 2902 Quamvis
623 2846 657 2883 a
693 2824 1048 2905 Sprengelio
1092 2829 1155 2884 in
1192 2825 1531 2901 Systemate
1557 2820 2006 2906 Vegetabilium
2048 2839 2147 2901 ge-

195 2940 317 2979 nus
361 2918 716 2980 Anomodon
757 2927 1069 3001 receptum
1114 2923 1190 2980 sit
1232 2930 1433 2981 tamen
1476 2920 1632 2980 hanc
1687 2920 1945 3000 speciem
1989 2918 2146 2975 inter

193 3014 800 3096 Neclferasreliquit,
840 3016 962 3075 hoc
1004 3019 1145 3075 satis
1188 3017 1410 3098 probat
1451 3016 1626 3077 illum
1672 3036 1743 3075 ex
1787 3014 1914 3074 sola
1959 3012 2144 3072 libro-

196 3132 340 3171 rum
382 3114 756 3194 inspectione
800 3133 954 3193 opus
998 3133 1173 3172 suum
1220 3116 1683 3197 consarcinasse.

772 3326 825 3363 2.
869 3306 1172 3367 Auouonon
1207 3325 1584 3366 viricutostm.

120 3575 123 3578 Δ
282 3496 346 3555 Β.
382 3495 568 3556 Caule
597 3505 846 3577 repente
877 3517 1142 3572 ramoso,
1176 3500 1358 3558 ramis
1390 3494 1876 3578 subsimplioibus
1911 3499 2143 3569 erectis,

195 3592 360 3652 foliis
400 3591 729 3651 imbricatis
771 3592 1115 3673 patentibus
1150 3592 1547 3653 subsecundis
1591 3590 2144 3651 ovato-lanceolatis

191 3690 431 3749 obtusis
472 3690 718 3771 integris
761 3708 951 3747 nervo
996 3692 1229 3770 apicem
1278 3693 1634 3772 attingente,
1679 3688 1919 3773 capsula
1963 3688 2146 3763 cylin-

191 3785 419 3843 dra'cea
460 3794 685 3859 erecta,
727 3784 1017 3865 operculo
1062 3787 1273 3845 conico
1322 3788 1682 3847 acuminata

285 3880 646 3941 Anomodou
691 3881 1089 3941 viticulosum.
1134 3877 1329 3941 Hook.
1375 3897 1430 3943 et
1482 3883 1650 3968 Tayl.
1691 3903 1869 3941 muse.
1915 3882 2036 3939 brit.
2073 3900 2136 3961 p.
