2917 5052
698 439 771 481 10

690 554 863 636 aliae
920 548 1346 664 permultae
1406 578 1604 664 quas
1646 549 1893 633 celeb.
1938 549 2372 636 Botanicus
2414 557 2625 638 omi-

691 707 794 791 sit
834 707 936 788 in
996 733 1238 816 opere
1295 700 1625 824 laudato
1685 701 1904 816 apud
1961 733 2113 788 nos
2171 706 2625 816 vulgatissi-

691 887 849 942 mae
924 856 1425 970 ubicumque
1508 876 1964 940 occurrunt.
2057 855 2299 942 Tales
2384 880 2620 943 sunt:

690 1010 1244 1126 Polybichum
1279 1005 1605 1110 aloides,
1626 1004 1996 1094 Neclcera
2036 1008 2623 1116 cladorkizam,

693 1165 1099 1278 Hypnum
1152 1159 1526 1262 medium,
1572 1159 1976 1246 Sckr'eben'
1991 1229 2020 1263 ,
2090 1192 2629 1276 squam-mum,

694 1317 1093 1403 stellatum
1120 1384 1147 1419 ,
1192 1315 1685 1428 pulchellum
1707 1382 1733 1421 ‚
1771 1317 2225 1402 Dicranum
2283 1316 2632 1402 undula-

697 1486 889 1571 tam,
945 1462 1479 1584 Dichrmodon
1534 1465 1982 1582 n‘gc'dulum,
2039 1470 2633 1555 Orthotrickum

693 1623 794 1707 H
788 1623 1227 1722 utchinsioe,
1271 1619 1674 1730 pumilum
1690 1687 1718 1722 ,
1764 1622 2167 1707 Phascum
2223 1615 2632 1741 serratum,

698 1795 844 1860 etc.
888 1796 1067 1879 ete,
1134 1772 1297 1859 sed‘
1335 1772 1439 1857 de
1498 1774 1660 1858 hoc
1713 1774 2058 1859 lectores
2117 1772 2633 1859 admonuisse

701 1925 1070 2012 sufficiat.
1305 2019 1309 2023 ,

817 2083 915 2166 In
975 2080 1443 2166 ordinandis
1503 2109 1976 2167 museorum
2034 2080 2464 2191 generibus
2502 2112 2637 2167 ce-

700 2235 944 2321 leber.
1010 2236 1312 2321 Aruott
1369 2238 1627 2322 secuti
1685 2264 1967 2320 sumus
1988 2300 2013 2336 ‚
2075 2233 2450 2329 ordinem
2512 2256 2639 2320 ta-

698 2419 890 2474 men
947 2374 1347 2473 invertere
1406 2366 1648 2473 uobis
1686 2390 2015 2502 placuit,
2070 2409 2160 2472 et
2213 2388 2310 2474 cl.
2351 2388 2638 2499 Duby‚

699 2547 971 2659 paucis
1029 2546 1388 2645 mutatiS,
1432 2545 1765 2653 vestigia
1810 2545 2077 2640 'secuti
2118 2574 2423 2630 sumus.
2465 2543 2638 2629 Ge-

702 2726 896 2780 nera
954 2678 1479 2789 adhibuimus
1532 2694 1798 2812 qualia
1853 2667 2459 2809 proposuerunt
2497 2727 2639 2780 au-

705 2873 968 2937 ctores
1040 2852 1499 2956 Clarissimi
1600 2836 2130 2965 Muscologiae
2231 2852 2638 2935 Britanni-

705 3036 823 3090 eae
879 3006 1219 3091 Hooker
1254 3027 1336 3090 et
1359 3101 1361 3103 ,
1387 3003 1719 3115 Taylor‚
1776 3005 2289 3109 arbitrantes.,
2350 3033 2639 3115 genera

708 3159 1436 3271 Schwaegrichenii.,
1495 3158 1987 3275 Bfidelii'que
2031 3160 2271 3246 nimis
2325 3157 2640 3272 minuta

703 3333 788 3397 et
846 3310 1203 3401 difficilia
1258 3314 1597 3400 evadere
1623 3378 1649 3420 ‚
1707 3315 2303 3430 saepissimeque
2363 3311 2637 3395 chara-

709 3466 1067 3583 cteribus
1126 3466 1607 3566 ludibundis
1648 3488 1731 3553 et
1773 3466 2003 3552 facile
2031 3457 2638 3580 *praetervidenff-

706 3616 831 3703 dis
888 3611 1180 3704 innixa.
1369 3615 1373 3619 ’
2450 3611 2455 3615 ’

823 3772 922 3856 In
1005 3772 1639 3860 determinandis
1730 3774 2149 3889 speciebus
2238 3774 2633 3858 Auctores

710 3957 994 4013 omnes
1078 3958 1283 4045 quos
1365 3928 1798 4015 habuimus
1874 3924 2159 4013 sedulo
2218 3922 2632 4012 consulere
