2917 5052
2102 479 2136 518 2

246 593 392 656 pans
434 575 515 631 ita
560 579 625 628 ut
667 568 940 628 videatur
981 565 1207 626 deesse.
1259 562 1401 623 Seta
1443 562 1693 624 uncialis
1739 564 2009 642 rutilans,
2042 479 2184 652 cap53

252 670 380 730 sula
427 667 607 728 badia
651 665 894 727 sulcata.

327 768 379 825 A
419 761 894 845 praecedentibus
938 761 1135 820 statim
1182 757 1552 839 dignoscitur
1627 757 1785 820 foliis
1840 761 2058 822 strictis
2102 765 2182 822 ri-

250 860 594 944 gidiusculis
637 859 770 919 laete
814 855 1164 917 virentibus.

664 1062 740 1118 —l-
771 1058 849 1115 -l-
889 1047 1078 1137 Foliis
1121 1047 1257 1108 latis
1298 1068 1411 1109 nec
1454 1047 1764 1109 subulatis.
1839 1114 1846 1121 ‚

871 1244 927 1303 3.
967 1243 1276 1302 Buri-unu
1317 1260 1574 1301 tonum.

336 1441 401 1499 B.
444 1437 632 1498 Caule
674 1436 957 1517 elongato
997 1436 1345 1516 fastigiatim
1390 1453 1655 1506 ramos0,
1689 1431 1846 1496 foliis
1881 1434 2061 1497 dense
2083 1439 2191 1499 im.

253 1535 496 1595 bricatis
538 1532 743 1614 rigidis
787 1530 1176 1591 subsecundis
1223 1527 1775 1589 ovato-lanceolatis
1831 1528 2011 1612 longe
2053 1553 2192 1592 acu-

254 1634 494 1692 minatis
518 1631 778 1703 serratis,
799 1648 985 1688 nervo
1018 1635 1387 1700 excurrente,
1411 1624 1657 1707 capsula
1678 1625 2055 1688 subrotunda
2069 1630 2194 1691 ‘sul-

253 1739 388 1787 cata
432 1748 653 1786 cernua
696 1721 989 1807 operculo
1028 1726 1238 1783 conico
1280 1723 1470 1783 brevi.

337 1826 672 1885 Bartramia
713 1822 973 1881 fontana.
1001 1816 1240 1885 Swartz
1269 1821 1333 1880 in
1362 1809 1620 1884 'Solu-ad.
1633 1823 1839 1897 jour-n.
1871 1842 1934 1896 2,
1958 1844 2023 1905 p.
2058 1822 2196 1899 183,

257 1919 370 1981 tab.
417 1923 474 1995 3,
500 1920 611 2002 fig.
644 1941 691 1979 1.
721 1917 886 1978 Brid.
928 1919 1098 1977 mech.
1127 1937 1192 2000 p.
1227 1938 1248 1977 1
1270 1915 1358 1976 16.
1388 1919 1539 1976 Am.
1573 1915 1724 1999 disp.
1754 1920 1925 1979 meth.
1962 1941 2026 2003 p.
2053 1918 2192 2005 289.

256 2018 571 2098 Schwaegr.
613 2037 698 2098 sp.
742 2035 921 2074 muse.
962 2035 1011 2089 1,
1044 2035 1109 2096 p.
1152 2034 1251 2096 91.
1303 2012 1407 2074 W
1398 2013 1484 2073 eb.
1526 2027 1582 2074 et
1613 2013 1811 2073 Mohr.
1854 2016 1966 2076 boc.
2011 2020 2193 2078 tasch.

254 2136 316 2198 p.
361 2111 498 2174 268.
531 2112 684 2175 Voit.
727 2132 907 2172 muse.
950 2111 1169 2193 her-bip.
1193 2128 1261 2190 p.
1292 2106 1391 2169 82.
1422 2109 1605 2170 Mart.
1625 2107 1716 2188 fl.
1746 2124 1932 2194 crypt.
1975 2114 2194 2194 erlang.

344 2306 678 2365 Bartramia
719 2302 966 2360 fontana
1009 2322 1045 2356 α
1087 2298 1298 2378 major.
1328 2296 1528 2357 Hook.
1560 2312 1622 2360 et
1659 2298 1829 2377 Tayl.
1864 2321 2044 2361 muse.
2066 2303 2198 2365 brit.

254 2423 319 2482 p.
373 2399 508 2474 146,
548 2398 661 2457 tab.
707 2396 804 2454 23.
845 2412 904 2453 a.
946 2389 1110 2453 Dub.
1155 2392 1265 2453 bot.
1306 2393 1444 2472 gall.
1482 2415 1547 2476 p.
1591 2390 1733 2470 548.
1789 2400 1794 2407 '

345 2496 573 2569 Bryum
596 2491 928 2551 fontanum.
963 2488 1197 2549 Schreb.
1230 2489 1413 2571 spicil.
1429 2484 1717 2573 fl.L1p.s·.
1747 2511 1811 2573 p.
1843 2488 1940 2572 75.
1962 2488 2202 2555 Swartz

263 2611 442 2650 muse.
485 2608 637 2648 suec.
673 2607 736 2668 p.
780 2581 879 2660 48.

345 2686 579 2746 Mnium
614 2683 946 2742 fontanum.
979 2680 1152 2741 Linn.
1187 2702 1273 2765 sp.
1300 2702 1364 2765 p.
1406 2681 1578 2764 1574.
1608 2681 1833 2745 Hedw.
1862 2705 1949 2767 sp.
1966 2705 2030 2768 p.
2072 2685 2200 2768 195.

265 2783 477 2845 Pollia.
499 2779 587 2863 fl.
631 2799 824 2839 veron.
869 2778 928 2852 3,
960 2799 1025 2860 p.
1071 2779 1209 2860 372.

347 2879 491 2937 Dill.
535 2878 663 2937 hist.
705 2896 884 2935 muse.
929 2874 1040 2935 tab.
1083 2874 1190 2951 44,
1215 2873 1326 2956 fig.
1371 2896 1426 2936 2.
1478 2872 1548 2942 V
1540 2877 1660 2936 azll
1703 2877 1818 2941 bot.
1857 2880 2043 2961 pan‘s.
2087 2879 2201 2939 tab.

271 2973 370 3051 24,
396 2972 506 3055 fig.
561 2993 608 3031 1.
669 3006 673 3010 ·

353 3074 394 3147 β
436 3070 650 3128 minor.

355 3162 544 3224 Caule
564 3249 567 3254 Ι
585 3165 888 3244 ramisque
932 3159 1347 3243 gracilioribus
1388 3162 1547 3224 foliis
1589 3163 1709 3225 late
1753 3169 1943 3227 ovatis
1978 3170 2203 3227 acumi-

272 3262 456 3321 natis„

356 3359 425 3417 In
465 3355 788 3439 paludibus
842 3357 1087 3416 turfosis
1143 3366 1204 3417 et
1260 3357 1337 3416 ad
1395 3357 1621 3417 rivulos
1672 3361 1734 3418 in
1788 3362 2034 3441 regione
2082 3361 2206 3421 col·

276 3453 431 3513 lina.
492 3456 746 3513 varietas
815 3454 878 3511 in
935 3456 1202 3515 arenosis
1267 3453 1530 3514 humidis
1581 3466 1642 3515 et
1706 3460 1948 3537 aquosis
2012 3479 2209 3541 prope

275 3536 511 3610 urbeni.

360 3643 562 3705 Caulis
604 3644 1052 3725 sesquiuncialis
1087 3645 1183 3705 vel
1216 3646 1529 3708 biuncialis
1571 3649 1802 3709 inferne
1833 3658 2207 3709 tomentosus

277 3743 429 3800 rami
470 3741 700 3801 breves,
742 3741 918 3801 Folia
962 3739 1310 3801 latescentia
1352 3746 1415 3802 in
1460 3748 1643 3805 ramis
1687 3766 1833 3805 vero
1876 3747 2210 3805 innovanti-

278 3839 394 3898 bus
438 3836 550 3896 sub
595 3841 763 3919 apice
808 3838 997 3899 caulis.
1055 3838 1436 3899 nascentibus
1480 3841 1700 3923 pallide
1758 3852 1819 3902 et
1862 3861 2087 3900 amaene
2131 3841 2210 3898 vi-

280 3932 450 3992 ridia.
496 3932 638 3994 Seta
679 3937 915 3994 unciam
962 3945 1022 3993 et
1065 3933 1353 4014 quidquid
1400 3937 1630 3997 excedit
1672 3937 1852 4017 longa
1902 3932 2205 4001 flexuosa3

280 4027 525 4111 capsula
566 4040 805 4093 matura
849 4041 1134 4093 evacuata
1179 4030 1290 4091 sub
1336 4052 1441 4092 ore
1487 4043 1807 4092 contracta.
