2917 5052
631 347 711 423 60

629 468 719 517 tas
761 457 938 537 hujus
982 458 1219 537 speciei,
1261 453 1418 515 foliis
1463 454 1885 516 obtusiusculis
1912 501 1928 529 ,
1973 460 2032 516 in
2076 475 2223 537 agro
2280 457 2576 518 Mediola-

627 556 796 615 nensi
841 552 1156 633 hucusque
1198 551 1373 613 nobis
1419 555 1729 634 irreperta.

1273 745 1330 821 4.
1374 744 1603 827 Huncin
1648 764 1904 804 1111111111.

713 934 786 996 H.
830 936 1016 998 Caule
1058 935 1461 999 decumbente
1503 955 1652 1016 vage
1697 933 1791 995 vel
1834 936 2127 1018 pinnatim
2172 955 2437 1012 ram050,
2478 937 2573 997 fo-

632 1031 724 1094 liis
779 1035 924 1095 laxis
972 1035 1315 1116 patentibus
1371 1032 1659 1108 distychis
1711 1031 2257 1118 ovato-lanceolatis
2320 1035 2571 1116 integris

629 1136 819 1213 nervo
861 1151 1047 1212 supra
1086 1131 1353 1192 medium
1396 1129 1670 1205 evanido,
1701 1127 1941 1211 capsula
1986 1126 2570 1209 oblongo-cylindri·

631 1246 703 1285 ca
744 1248 986 1303 cernua,
1030 1227 1321 1311 operculo
1370 1230 1583 1288 conico
1630 1224 2071 1286 mucronulato.

711 1321 997 1406 Hypnum
1040 1327 1355 1407 riparium.
1399 1324 1573 1384 Liem.
1617 1345 1705 1408 sp.
1734 1344 1797 1405 p.
1843 1321 2013 1405 1595.
2058 1320 2285 1383 Hedw.
2317 1324 2480 1407 stirp.
2511 1324 2578 1400 4,

622 1439 688 1501 p.
732 1442 795 1500 7,
835 1421 946 1483 tab.
992 1423 1053 1483 3.
1089 1420 1311 1499 Ejusd.
1350 1442 1437 1503 sp.
1474 1441 1540 1503 p.
1589 1418 1729 1494 241.
1773 1417 2091 1498 Sclmvaegr.
2121 1418 2311 1501 suppl.
2347 1440 2403 1494 1,
2436 1441 2495 1494 2,
2507 1440 2579 1502 μ

625 1517 768 1600 -194,
813 1517 978 1579 Brid.
1020 1519 1190 1577 meth.
1229 1539 1292 1596 p.
1333 1516 1463 1594 157.
1495 1515 1647 1573 Am.
1682 1511 1831 1596 disp.
1854 1515 2024 1573 meth.
2063 1535 2125 1596 p.
2161 1512 2299 1574 306.
2334 1515 2578 1575 Swartz

628 1611 807 1673 muse.
849 1635 1001 1674 suec.
1038 1635 1102 1696 p.
1142 1611 1246 1672 63.
1280 1610 1460 1673 Web.
1503 1623 1560 1671 et
1591 1609 1779 1669 Mohr
1807 1610 1919 1694 hof.
1964 1611 2146 1669 tasch.
2169 1631 2234 1693 p.
2262 1611 2397 1670 331.
2425 1609 2578 1675 Ῠοίε

629 1731 808 1770 muse.
856 1711 1074 1792 her-bip.
1111 1732 1174 1793 p.
1227 1728 1356 1773 111.
1401 1707 1600 1767 Hook.
1643 1719 1700 1767 et
1747 1707 1919 1786 Tayl.
1954 1727 2132 1787 masc.
2175 1707 2307 1766 brit.
2346 1728 2410 1791 p.
2444 1706 2575 1785 152,

632 1805 745 1864 tab.
783 1806 877 1881 24.
922 1806 1103 1866 Mart.
1121 1804 1211 1885 fl.
1243 1818 1428 1889 crypt.
1472 1803 1690 1882 erlang.
1728 1823 1791 1885 p.
1838 1822 1934 1862 20.
1979 1803 2138 1862 Dub.
2180 1803 2293 1863 bot.
2332 1804 2471 1883 gall.
2508 1826 2570 1887 p.

631 1900 772 1976 554.
815 1902 1026 1962 Pollia.
1044 1901 1132 1981 fl.
1179 1922 1372 1961 veron.
1416 1900 1474 1974 3,
1509 1920 1574 1982 p.
1622 1896 1758 1980 357.
1787 1899 1963 1959 Bacs.
2006 1912 2061 1958 et
2092 1895 2192 1958 De
2221 1899 2362 1959 Not.
2393 1920 2571 1959 muse.

633 1995 876 2058 Mediol.
920 1998 1130 2057 emico.
1153 1997 1313 2078 fasc.
1358 1995 1451 2071 II,
1494 2017 1551 2056 η.
1597 1997 1693 2056 23.

714 2090 1001 2175 Hypnum
1046 2092 1512 2175 trichopodium.
1554 2090 1811 2151 Schultz.
1860 2091 1935 2167 fl.
1998 2090 2256 2172 star-gad.
2315 2114 2380 2176 p.
2435 2091 2571 2168 324.

634 2187 799 2248 Brid.
841 2191 1010 2251 meth.
1052 2212 1117 2274 p.
1171 2188 1301 2251 158.

642 2298 667 2319 *
712 2286 999 2373 Hypnutn
1042 2287 1419 2370 longifolium
1445 2297 1508 2346 et
1538 2286 1884 2346 obscurum.
1921 2284 2087 2345 Brid.
2123 2287 2294 2348 mech.
2332 2272 2414 2370 p..
2441 2285 2567 2349 158.

713 2384 859 2443 Dill.
902 2386 1029 2444 hist.
1071 2406 1250 2443 muse.
1295 2385 1407 2444 tab.
1451 2383 1554 2458 4ο,
1578 2381 1690 2464 fig.
1734 2383 1833 2458 44.
1877 2382 1940 2442 Β.
1989 2383 2054 2441 C.
2083 2383 2156 2441 D.

711 2479 805 2540 Ad
845 2479 1016 2562 palos
1059 2479 1523 2562 aquaeductuum
1571 2488 1631 2539 et
1674 2479 1751 2540 ad
1815 2489 2040 2539 terram
2083 2481 2145 2539 in
2192 2478 2340 2540 locis
2385 2479 2582 2541 humi-

626 2575 722 2636 dis
766 2587 828 2637 et
868 2576 1173 2637 interdum
1210 2576 1530 2638 inundatis.
1847 2643 1852 2646 ,
2357 2633 2361 2635 ,

719 2672 923 2733 Caulis
964 2673 1290 2734 biuncialis
1335 2683 1396 2733 et
1439 2673 1677 2755 longior
1708 2673 1876 2733 humi
1911 2674 2318 2757 procumbens
2356 2674 2450 2736 vel
2479 2695 2579 2757 pa·

631 2768 702 2828 lis
747 2770 999 2830 adnatus
1041 2791 1192 2851 vage
1241 2769 1337 2828 vel
1387 2772 1678 2851 pinnatim
1724 2789 1999 2829 ramosus
2035 2772 2400 2851 quandoque
2444 2769 2578 2830 sub·

633 2865 900 2946 simplex.
945 2865 1122 2925 Folia
1168 2853 1575 2925 luteo-viridia
1641 2864 2013 2947 splendentia
2070 2866 2198 2926 laxe
2261 2867 2574 2926 imbricata

631 2961 901 3036 distycha
967 2965 1227 3023 siccitate
1269 2963 1535 3045 paulum'
1571 2967 1766 3046 crispa
1807 2964 1955 3047 plus·
2010 2965 2106 3024 vel
2171 2968 2368 3024 minus
2436 2965 2571 3025 lata.

632 3056 775 3116 Seta
818 3078 854 3117 a
897 3062 1221 3121 semiuncia
1264 3061 1340 3121 ad
1372 3064 1613 3121 unciam
1655 3061 1836 3143 longa
1879 3060 2039 3121 laevis
2080 3083 2311 3122 amaene
2346 3083 2571 3145 purpu-

631 3174 736 3213 rea
778 3156 871 3213 vix
913 3156 1148 3232 tortilis,
1192 3158 1451 3239 capsula
1478 3158 1679 3217 badia.

715 3250 956 3332 Species
999 3252 1173 3314 valde
1221 3253 1559 3316 ludibunda
1603 3254 1807 3334 quoad
1844 3255 2280 3335 longitudinem
2325 3264 2386 3314 et
2431 3253 2581 3313 divi·

630 3347 861 3408 sionem
906 3350 1110 3425 caulis,
1167 3351 1372 3432 quoad
1425 3352 1571 3411 folia
1615 3350 1753 3433 plus
1797 3351 1890 3410 vel
1933 3354 2131 3416 minus
2175 3350 2294 3410 lata
2323 3398 2339 3426 ,
2379 3350 2584 3431 quoad

627 3446 881 3503 nervum
926 3448 1028 3525 qui
1080 3450 1141 3507 in
1192 3447 1501 3507 nonnullis
1546 3447 1969 3528 speciminibus
2012 3448 2278 3508 medium
2346 3457 2579 3506 tantum

629 3542 897 3619 attingit,
942 3544 1003 3600 in
1053 3541 1182 3602 aliis
1226 3564 1420 3626 prope
1468 3546 1698 3624 apicem
1746 3547 2040 3605 evanescit
2083 3554 2143 3604 et
2200 3544 2403 3624 quoad
2450 3543 2581 3603 lon-

629 3636 956 3716 gitudinem
1001 3639 1505 3719 pedunculorum.
1801 3705 1806 3708 ,
2441 3628 2447 3632 ’

622 3791 628 3796 .
713 3733 1122 3795 Praeeuntibus
1165 3736 1403 3795 ClariSS.
1435 3736 1631 3811 Bryol.
1666 3737 1983 3820 Schwaegr.
2017 3739 2251 3797 Arnott.
2279 3738 2469 3797 Hook.
2516 3748 2579 3797 et

629 3829 863 3905 Taylor‘
899 3834 1124 3913 species
1167 3832 1406 3892 Bridelii
1450 3855 1643 3915 nuper
1702 3838 1910 3896 citatas
1970 3856 2107 3895 cum
2150 3835 2371 3916 Hypno
2418 3838 2573 3913 ripa-

628 3916 720 3987 iio
765 3932 1172 4011 conjunximus
1218 3933 1436 3989 etenim
1486 3952 1554 3991 ex
1597 3931 2095 4014 descfiptionibus
2154 3950 2362 3990 earum
2408 3934 2567 3989 inter
