<?xml version="1.0" encoding="UTF-8"?>
<!DOCTYPE html PUBLIC "-//W3C//DTD XHTML 1.0 Transitional//EN"
    "http://www.w3.org/TR/xhtml1/DTD/xhtml1-transitional.dtd">
<html xmlns="http://www.w3.org/1999/xhtml" xml:lang="en" lang="en">
 <head>
  <title>
</title>
<meta http-equiv="Content-Type" content="text/html;charset=utf-8" />
  <meta name='ocr-system' content='tesseract 3.04.00' />
  <meta name='ocr-capabilities' content='ocr_page ocr_carea ocr_par ocr_line ocrx_word'/>
</head>
<body>
  <div class='ocr_page' id='page_1' title='image "./prodromusbryolo00notagoog/prodromusbryolo00notagoog_0105.png"; bbox 0 0 2917 5052; ppageno 0'>
   <div class='ocr_carea' id='block_1_1' title="bbox 1017 288 2301 447">
    <p class='ocr_par' dir='ltr' id='par_1_1' title="bbox 1017 288 2301 447">
     <span class='ocr_line' id='line_1_1' title="bbox 1017 288 2301 447; baseline 0 -16"><span class='ocrx_word' id='word_1_1' title='bbox 1017 370 1116 447; x_wconf 90' lang='grc'>42.</span> <span class='ocrx_word' id='word_1_2' title='bbox 1162 369 1387 431; x_wconf 75' lang='grc' dir='ltr'>Ητηωιι</span> <span class='ocrx_word' id='word_1_3' title='bbox 1429 390 1661 431; x_wconf 69' lang='lat' dir='ltr'>numu.</span> <span class='ocrx_word' id='word_1_4' title='bbox 2114 405 2121 411; x_wconf 91' lang='lat'><strong>·</strong></span> <span class='ocrx_word' id='word_1_5' title='bbox 2222 288 2301 349; x_wconf 70' lang='lat'>9⁷</span> 
     </span>
    </p>
   </div>
   <div class='ocr_carea' id='block_1_2' title="bbox 351 559 2305 1709">
    <p class='ocr_par' dir='ltr' id='par_1_2' title="bbox 365 559 2305 937">
     <span class='ocr_line' id='line_1_2' title="bbox 448 559 2305 651; baseline 0 -22"><span class='ocrx_word' id='word_1_6' title='bbox 448 569 522 629; x_wconf 90' lang='lat' dir='ltr'>H.</span> <span class='ocrx_word' id='word_1_7' title='bbox 565 564 751 627; x_wconf 87' lang='lat' dir='ltr'>Caule</span> <span class='ocrx_word' id='word_1_8' title='bbox 790 574 1039 649; x_wconf 87' lang='lat' dir='ltr'>repente</span> <span class='ocrx_word' id='word_1_9' title='bbox 1079 583 1324 625; x_wconf 88' lang='lat' dir='ltr'>ramoso</span> <span class='ocrx_word' id='word_1_10' title='bbox 1364 560 1652 639; x_wconf 90' lang='lat' dir='ltr'>flaccido,</span> <span class='ocrx_word' id='word_1_11' title='bbox 1693 565 1876 624; x_wconf 86' lang='lat' dir='ltr'>ramis</span> <span class='ocrx_word' id='word_1_12' title='bbox 1933 559 2305 651; x_wconf 76' lang='lat' dir='ltr'>simplicibus</span> 
     </span>
     <span class='ocr_line' id='line_1_3' title="bbox 368 659 2305 738; baseline 0.001 -16"><span class='ocrx_word' id='word_1_13' title='bbox 368 663 627 723; x_wconf 87' lang='lat' dir='ltr'>ineurvis</span> <span class='ocrx_word' id='word_1_14' title='bbox 642 708 661 738; x_wconf 90' lang='lat'><strong>,</strong></span> <span class='ocrx_word' id='word_1_15' title='bbox 707 660 866 722; x_wconf 81' lang='lat' dir='ltr'>foliis</span> <span class='ocrx_word' id='word_1_16' title='bbox 933 659 1261 720; x_wconf 79' lang='lat' dir='ltr'>imbricatis</span> <span class='ocrx_word' id='word_1_17' title='bbox 1328 661 1519 721; x_wconf 85' lang='lat' dir='ltr'>ovatis</span> <span class='ocrx_word' id='word_1_18' title='bbox 1562 661 1837 720; x_wconf 77' lang='lat' dir='ltr'>concavis</span> <span class='ocrx_word' id='word_1_19' title='bbox 1880 659 2305 724; x_wconf 86' lang='lat' dir='ltr'>obtusiusculis</span> 
     </span>
     <span class='ocr_line' id='line_1_4' title="bbox 365 755 2298 841; baseline 0.003 -25"><span class='ocrx_word' id='word_1_20' title='bbox 365 760 636 840; x_wconf 83' lang='lat' dir='ltr'>margine</span> <span class='ocrx_word' id='word_1_21' title='bbox 676 757 1057 818; x_wconf 87' lang='lat' dir='ltr'>subrecurvis</span> <span class='ocrx_word' id='word_1_22' title='bbox 1098 757 1346 837; x_wconf 81' lang='lat' dir='ltr'>integris</span> <span class='ocrx_word' id='word_1_23' title='bbox 1379 775 1569 818; x_wconf 85' lang='lat' dir='ltr'>nervo</span> <span class='ocrx_word' id='word_1_24' title='bbox 1612 758 1846 837; x_wconf 89' lang='lat' dir='ltr'>apicem</span> <span class='ocrx_word' id='word_1_25' title='bbox 1898 755 2298 841; x_wconf 87' lang='lat' dir='ltr'>subattingen·</span> 
     </span>
     <span class='ocr_line' id='line_1_5' title="bbox 368 850 2301 937; baseline 0.003 -24"><span class='ocrx_word' id='word_1_26' title='bbox 368 863 452 929; x_wconf 89' lang='lat' dir='ltr'>te,</span> <span class='ocrx_word' id='word_1_27' title='bbox 493 852 739 937; x_wconf 78' lang='lat' dir='ltr'>capsula</span> <span class='ocrx_word' id='word_1_28' title='bbox 782 852 1111 928; x_wconf 80' lang='lat' dir='ltr'>cylindrica</span> <span class='ocrx_word' id='word_1_29' title='bbox 1142 851 1482 926; x_wconf 84' lang='lat' dir='ltr'>suberecta,</span> <span class='ocrx_word' id='word_1_30' title='bbox 1525 850 1813 934; x_wconf 89' lang='lat' dir='ltr'>operculo</span> <span class='ocrx_word' id='word_1_31' title='bbox 1856 853 2067 912; x_wconf 90' lang='lat' dir='ltr'>conico</span> <span class='ocrx_word' id='word_1_32' title='bbox 2109 853 2301 920; x_wconf 82' lang='lat' dir='ltr'>brevi.</span> 
     </span>
    </p>

    <p class='ocr_par' dir='ltr' id='par_1_3' title="bbox 364 944 2303 1317">
     <span class='ocr_line' id='line_1_6' title="bbox 447 944 2298 1033; baseline 0.003 -25"><span class='ocrx_word' id='word_1_33' title='bbox 447 948 731 1031; x_wconf 83' lang='lat' dir='ltr'>Hypnum</span> <span class='ocrx_word' id='word_1_34' title='bbox 773 949 1061 1009; x_wconf 89' lang='lat' dir='ltr'>medium.</span> <span class='ocrx_word' id='word_1_35' title='bbox 1104 948 1304 1008; x_wconf 78' lang='lat' dir='ltr'>Dic-ks.</span> <span class='ocrx_word' id='word_1_36' title='bbox 1329 949 1415 1031; x_wconf 85' lang='lat' dir='ltr'>pl.</span> <span class='ocrx_word' id='word_1_37' title='bbox 1439 962 1624 1033; x_wconf 75' lang='lat' dir='ltr'>crypt.</span> <span class='ocrx_word' id='word_1_38' title='bbox 1668 944 1799 1010; x_wconf 79' lang='lat' dir='ltr'>bric.</span> <span class='ocrx_word' id='word_1_39' title='bbox 1833 969 1891 1024; x_wconf 91' lang='grc'>2,</span> <span class='ocrx_word' id='word_1_40' title='bbox 1923 970 1988 1033; x_wconf 88' lang='lat' dir='ltr'>p.</span> <span class='ocrx_word' id='word_1_41' title='bbox 2028 970 2116 1011; x_wconf 80' lang='lat'>12.</span> <span class='ocrx_word' id='word_1_42' title='bbox 2145 951 2298 1013; x_wconf 82' lang='lat' dir='ltr'>Am.</span> 
     </span>
     <span class='ocr_line' id='line_1_7' title="bbox 364 1039 2303 1131; baseline 0.002 -26"><span class='ocrx_word' id='word_1_43' title='bbox 364 1042 517 1128; x_wconf 68' lang='lat' dir='ltr'>elis-p.</span> <span class='ocrx_word' id='word_1_44' title='bbox 559 1048 726 1107; x_wconf 78' lang='lat' dir='ltr'>mech.</span> <span class='ocrx_word' id='word_1_45' title='bbox 761 1066 825 1131; x_wconf 87' lang='lat' dir='ltr'>p.</span> <span class='ocrx_word' id='word_1_46' title='bbox 870 1044 1007 1105; x_wconf 83' lang='lat'><em>315.</em></span> <span class='ocrx_word' id='word_1_47' title='bbox 1050 1039 1248 1105; x_wconf 80' lang='lat' dir='ltr'>Hook.</span> <span class='ocrx_word' id='word_1_48' title='bbox 1291 1058 1348 1105; x_wconf 82' lang='lat' dir='ltr'>et</span> <span class='ocrx_word' id='word_1_49' title='bbox 1395 1044 1581 1129; x_wconf 67' lang='lat' dir='ltr'>Tayl.</span> <span class='ocrx_word' id='word_1_50' title='bbox 1634 1066 1815 1106; x_wconf 79' lang='lat' dir='ltr'>muse.</span> <span class='ocrx_word' id='word_1_51' title='bbox 1856 1041 1995 1107; x_wconf 83' lang='lat' dir='ltr'>bric.</span> <span class='ocrx_word' id='word_1_52' title='bbox 2029 1065 2094 1131; x_wconf 88' lang='lat' dir='ltr'>p.</span> <span class='ocrx_word' id='word_1_53' title='bbox 2149 1045 2303 1124; x_wconf 74' lang='lat'>154,</span> 
     </span>
     <span class='ocr_line' id='line_1_8' title="bbox 365 1137 2296 1225; baseline 0.002 -23"><span class='ocrx_word' id='word_1_54' title='bbox 365 1137 483 1202; x_wconf 76' lang='lat' dir='ltr'>tab.</span> <span class='ocrx_word' id='word_1_55' title='bbox 527 1141 624 1218; x_wconf 87' lang='grc'>24.</span> <span class='ocrx_word' id='word_1_56' title='bbox 664 1138 824 1202; x_wconf 76' lang='grc' dir='ltr'>Πιιό.</span> <span class='ocrx_word' id='word_1_57' title='bbox 880 1138 997 1202; x_wconf 84' lang='lat' dir='ltr'>bot.</span> <span class='ocrx_word' id='word_1_58' title='bbox 1057 1141 1197 1221; x_wconf 76' lang='lat' dir='ltr'>gall.</span> <span class='ocrx_word' id='word_1_59' title='bbox 1233 1159 1298 1225; x_wconf 88' lang='lat' dir='ltr'>p.</span> <span class='ocrx_word' id='word_1_60' title='bbox 1344 1138 1484 1203; x_wconf 81' lang='lat'><em>560.</em></span> <span class='ocrx_word' id='word_1_61' title='bbox 1530 1141 1694 1203; x_wconf 69' lang='lat' dir='ltr'>Bal-s.</span> <span class='ocrx_word' id='word_1_62' title='bbox 1736 1155 1794 1203; x_wconf 79' lang='lat' dir='ltr'>et</span> <span class='ocrx_word' id='word_1_63' title='bbox 1831 1143 1929 1202; x_wconf 86' lang='lat' dir='ltr'>De</span> <span class='ocrx_word' id='word_1_64' title='bbox 1968 1142 2108 1205; x_wconf 81' lang='lat' dir='ltr'>Not.</span> <span class='ocrx_word' id='word_1_65' title='bbox 2150 1157 2296 1205; x_wconf 81' lang='lat' dir='ltr'>cent.</span> 
     </span>
     <span class='ocr_line' id='line_1_9' title="bbox 375 1233 1417 1317; baseline 0.002 -23"><span class='ocrx_word' id='word_1_66' title='bbox 375 1255 394 1294; x_wconf 84' lang='lat'>1</span> <span class='ocrx_word' id='word_1_67' title='bbox 411 1279 431 1310; x_wconf 88' lang='lat'><strong>,</strong></span> <span class='ocrx_word' id='word_1_68' title='bbox 468 1257 525 1297; x_wconf 79' lang='lat' dir='ltr'>n.</span> <span class='ocrx_word' id='word_1_69' title='bbox 570 1258 630 1317; x_wconf 84' lang='lat'>7,</span> <span class='ocrx_word' id='word_1_70' title='bbox 671 1239 736 1298; x_wconf 80' lang='lat' dir='ltr'>in</span> <span class='ocrx_word' id='word_1_71' title='bbox 773 1233 926 1297; x_wconf 82' lang='lat' dir='ltr'><em>Bibl.</em></span> <span class='ocrx_word' id='word_1_72' title='bbox 971 1237 1091 1298; x_wconf 79' lang='lat' dir='ltr'>ital.</span> <span class='ocrx_word' id='word_1_73' title='bbox 1136 1249 1277 1296; x_wconf 74' lang='lat' dir='ltr'>tom.</span> <span class='ocrx_word' id='word_1_74' title='bbox 1314 1233 1417 1312; x_wconf 88' lang='grc'>64.</span> 
     </span>
    </p>

    <p class='ocr_par' dir='ltr' id='par_1_4' title="bbox 351 1329 2290 1709">
     <span class='ocr_line' id='line_1_10' title="bbox 442 1329 2290 1421; baseline 0.001 -28"><span class='ocrx_word' id='word_1_75' title='bbox 442 1334 670 1394; x_wconf 84' lang='lat' dir='ltr'>Leskea</span> <span class='ocrx_word' id='word_1_76' title='bbox 709 1333 1055 1417; x_wconf 83' lang='lat' dir='ltr'>polycarpa.</span> <span class='ocrx_word' id='word_1_77' title='bbox 1095 1332 1283 1392; x_wconf 60' lang='lat' dir='ltr'>Ehrh.</span> <span class='ocrx_word' id='word_1_78' title='bbox 1323 1340 1510 1418; x_wconf 75' lang='lat' dir='ltr'>crypt.</span> <span class='ocrx_word' id='word_1_79' title='bbox 1559 1332 1772 1421; x_wconf 76' lang='lat' dir='ltr'>exsicc.</span> <span class='ocrx_word' id='word_1_80' title='bbox 1814 1354 1872 1393; x_wconf 80' lang='lat' dir='ltr'>n.</span> <span class='ocrx_word' id='word_1_81' title='bbox 1915 1331 2014 1415; x_wconf 90' lang='lat'>96.</span> <span class='ocrx_word' id='word_1_82' title='bbox 2057 1329 2290 1397; x_wconf 79' lang='lat' dir='ltr'>Hedw.</span> 
     </span>
     <span class='ocr_line' id='line_1_11' title="bbox 359 1428 2294 1516; baseline 0.001 -25"><span class='ocrx_word' id='word_1_83' title='bbox 359 1450 446 1516; x_wconf 83' lang='lat' dir='ltr'>sp.</span> <span class='ocrx_word' id='word_1_84' title='bbox 483 1453 549 1513; x_wconf 89' lang='lat' dir='ltr'>p.</span> <span class='ocrx_word' id='word_1_85' title='bbox 594 1429 736 1492; x_wconf 83' lang='grc'><strong>225.</strong></span> <span class='ocrx_word' id='word_1_86' title='bbox 776 1431 1092 1512; x_wconf 76' lang='lat' dir='ltr'>Schwoegr.</span> <span class='ocrx_word' id='word_1_87' title='bbox 1125 1430 1314 1514; x_wconf 68' lang='lat' dir='ltr'>suppl.</span> <span class='ocrx_word' id='word_1_88' title='bbox 1367 1428 2011 1515; x_wconf 80' lang='lat' dir='ltr'>1‚2,p.171.Br1‘d.</span> <span class='ocrx_word' id='word_1_89' title='bbox 2054 1432 2294 1492; x_wconf 82' lang='lat' dir='ltr'>muscol.</span> 
     </span>
     <span class='ocr_line' id='line_1_12' title="bbox 362 1524 2298 1611; baseline 0.001 -22"><span class='ocrx_word' id='word_1_90' title='bbox 362 1550 424 1603; x_wconf 88' lang='grc'>2,</span> <span class='ocrx_word' id='word_1_91' title='bbox 468 1524 2298 1611; x_wconf 45' lang='grc' dir='ltr'>2Ἡρ44ωόωιβςΞεεωῦ6βς3ΕΪαεᾱΗηιετῆ</span> 
     </span>
     <span class='ocr_line' id='line_1_13' title="bbox 351 1620 2295 1709; baseline 0 -22"><span class='ocrx_word' id='word_1_92' title='bbox 351 1646 420 1709; x_wconf 89' lang='lat' dir='ltr'>p.</span> <span class='ocrx_word' id='word_1_93' title='bbox 474 1623 604 1700; x_wconf 73' lang='lat'>146.</span> <span class='ocrx_word' id='word_1_94' title='bbox 661 1620 764 1687; x_wconf 83' lang='lat' dir='ltr'><em>W</em></span> <span class='ocrx_word' id='word_1_95' title='bbox 751 1624 835 1684; x_wconf 86' lang='lat' dir='ltr'>eb</span> <span class='ocrx_word' id='word_1_96' title='bbox 891 1638 949 1684; x_wconf 84' lang='lat' dir='ltr'>et</span> <span class='ocrx_word' id='word_1_97' title='bbox 988 1624 1174 1685; x_wconf 77' lang='lat' dir='ltr'>Mohr</span> <span class='ocrx_word' id='word_1_98' title='bbox 1219 1624 1332 1685; x_wconf 81' lang='lat' dir='ltr'>bot.</span> <span class='ocrx_word' id='word_1_99' title='bbox 1376 1623 1556 1684; x_wconf 75' lang='lat' dir='ltr'>tasch.</span> <span class='ocrx_word' id='word_1_100' title='bbox 1614 1644 1680 1707; x_wconf 87' lang='lat' dir='ltr'>p.</span> <span class='ocrx_word' id='word_1_101' title='bbox 1725 1621 1865 1702; x_wconf 78' lang='grc'><strong>247.</strong></span> <span class='ocrx_word' id='word_1_102' title='bbox 1911 1620 2059 1687; x_wconf 77' lang='lat' dir='ltr'>Voz’t</span> <span class='ocrx_word' id='word_1_103' title='bbox 2114 1645 2295 1688; x_wconf 78' lang='lat' dir='ltr'>muse.</span> 
     </span>
    </p>
   </div>
   <div class='ocr_carea' id='block_1_3' title="bbox 356 1717 2293 1900">
    <p class='ocr_par' dir='ltr' id='par_1_5' title="bbox 356 1717 2293 1900">
     <span class='ocr_line' id='line_1_14' title="bbox 356 1717 1852 1805; baseline -0.003 -2"><span class='ocrx_word' id='word_1_104' title='bbox 356 1720 576 1803; x_wconf 65' lang='lat' dir='ltr'>herbfp·</span> <span class='ocrx_word' id='word_1_105' title='bbox 610 1740 676 1802; x_wconf 92' lang='grc' dir='ltr'>Ρ·</span> <span class='ocrx_word' id='word_1_106' title='bbox 719 1718 816 1801; x_wconf 65' lang='grc'>74</span> <span class='ocrx_word' id='word_1_107' title='bbox 858 1718 1140 1800; x_wconf 64' lang='lat' dir='ltr'><strong><em>Mam-fl</em></strong></span> <span class='ocrx_word' id='word_1_108' title='bbox 1181 1738 1346 1805; x_wconf 65' lang='lat'><strong>007²·</strong></span> <span class='ocrx_word' id='word_1_109' title='bbox 1363 1718 1608 1799; x_wconf 68' lang='lat' dir='ltr'>erlang-</span> <span class='ocrx_word' id='word_1_110' title='bbox 1643 1739 1710 1801; x_wconf 88' lang='grc' dir='ltr'>Ρ·</span> <span class='ocrx_word' id='word_1_111' title='bbox 1752 1717 1852 1799; x_wconf 76' lang='grc'>47·</span> 
     </span>
     <span class='ocr_line' id='line_1_15' title="bbox 399 1811 2293 1900; baseline 0.001 -24.041"><span class='ocrx_word' id='word_1_112' title='bbox 399 1812 984 1897; x_wconf 78' lang='lat' dir='ltr'>Pterigynandrum</span> <span class='ocrx_word' id='word_1_113' title='bbox 1022 1834 1371 1876; x_wconf 86' lang='lat' dir='ltr'>nervosum.</span> <span class='ocrx_word' id='word_1_114' title='bbox 1405 1811 1591 1876; x_wconf 75' lang='lat' dir='ltr'><em>Bn&#39;d.</em></span> <span class='ocrx_word' id='word_1_115' title='bbox 1623 1836 1776 1900; x_wconf 83' lang='lat' dir='ltr'>spec.</span> <span class='ocrx_word' id='word_1_116' title='bbox 1821 1835 1873 1891; x_wconf 90' lang='lat'>1,</span> <span class='ocrx_word' id='word_1_117' title='bbox 1904 1837 1970 1900; x_wconf 89' lang='lat' dir='ltr'>p.</span> <span class='ocrx_word' id='word_1_118' title='bbox 2010 1816 2119 1877; x_wconf 81' lang='lat'>132</span> <span class='ocrx_word' id='word_1_119' title='bbox 2150 1747 2293 1898; x_wconf 84' lang='lat' dir='ltr'>(nec</span> 
     </span>
    </p>
   </div>
   <div class='ocr_carea' id='block_1_4' title="bbox 363 1910 2262 2092">
    <p class='ocr_par' dir='ltr' id='par_1_6' title="bbox 363 1910 2262 2092">
     <span class='ocr_line' id='line_1_16' title="bbox 363 1910 2131 1996; baseline 0 -24"><span class='ocrx_word' id='word_1_120' title='bbox 363 1912 458 1974; x_wconf 80' lang='lat' dir='ltr'>Pe.</span> <span class='ocrx_word' id='word_1_121' title='bbox 499 1910 772 1972; x_wconf 80' lang='lat' dir='ltr'>medium.</span> <span class='ocrx_word' id='word_1_122' title='bbox 816 1911 1257 1996; x_wconf 68' lang='lat' dir='ltr'>adposuitCI.</span> <span class='ocrx_word' id='word_1_123' title='bbox 1298 1910 1976 1993; x_wconf 65' lang='lat' dir='ltr'>Dub.inboc.ga11.l.</span> <span class='ocrx_word' id='word_1_124' title='bbox 2018 1910 2131 1995; x_wconf 70' lang='lat' dir='ltr'>a).</span> 
     </span>
     <span class='ocr_line' id='line_1_17' title="bbox 447 2002 2262 2092; baseline 0.002 -25"><span class='ocrx_word' id='word_1_125' title='bbox 447 2007 733 2089; x_wconf 82' lang='lat' dir='ltr'>Hypnum</span> <span class='ocrx_word' id='word_1_126' title='bbox 776 2007 1151 2067; x_wconf 81' lang='lat' dir='ltr'>inundatum.</span> <span class='ocrx_word' id='word_1_127' title='bbox 1192 2002 1394 2068; x_wconf 75' lang='lat' dir='ltr'>Dicks.</span> <span class='ocrx_word' id='word_1_128' title='bbox 1431 2007 1518 2090; x_wconf 87' lang='lat' dir='ltr'>pl.</span> <span class='ocrx_word' id='word_1_129' title='bbox 1565 2020 1750 2089; x_wconf 82' lang='lat' dir='ltr'>crypt.</span> <span class='ocrx_word' id='word_1_130' title='bbox 1791 2007 1917 2068; x_wconf 78' lang='lat' dir='ltr'>brit.</span> <span class='ocrx_word' id='word_1_131' title='bbox 1959 2008 2021 2084; x_wconf 86' lang='grc'>4,</span> <span class='ocrx_word' id='word_1_132' title='bbox 2053 2030 2119 2090; x_wconf 92' lang='lat' dir='ltr'>p.</span> <span class='ocrx_word' id='word_1_133' title='bbox 2173 2029 2262 2092; x_wconf 86' lang='lat'>¹7·</span> 
     </span>
    </p>
   </div>
   <div class='ocr_carea' id='block_1_5' title="bbox 442 2099 2295 2278">
    <p class='ocr_par' dir='ltr' id='par_1_7' title="bbox 442 2099 2295 2278">
     <span class='ocr_line' id='line_1_18' title="bbox 446 2099 1573 2183; baseline -0.003 -19"><span class='ocrx_word' id='word_1_134' title='bbox 446 2104 594 2178; x_wconf 70' lang='lat' dir='ltr'>Diu.</span> <span class='ocrx_word' id='word_1_135' title='bbox 636 2104 765 2163; x_wconf 76' lang='lat' dir='ltr'>hist.</span> <span class='ocrx_word' id='word_1_136' title='bbox 806 2123 985 2163; x_wconf 79' lang='lat' dir='ltr'>muse.</span> <span class='ocrx_word' id='word_1_137' title='bbox 1031 2102 1146 2162; x_wconf 81' lang='lat' dir='ltr'>tab.</span> <span class='ocrx_word' id='word_1_138' title='bbox 1187 2102 1294 2181; x_wconf 81' lang='grc'>47,</span> <span class='ocrx_word' id='word_1_139' title='bbox 1316 2100 1430 2183; x_wconf 80' lang='lat' dir='ltr'>fig.</span> <span class='ocrx_word' id='word_1_140' title='bbox 1474 2099 1573 2161; x_wconf 87' lang='grc'>65.</span> 
     </span>
     <span class='ocr_line' id='line_1_19' title="bbox 442 2194 2295 2278; baseline 0.001 -20"><span class='ocrx_word' id='word_1_141' title='bbox 442 2196 538 2260; x_wconf 82' lang='lat' dir='ltr'>Ad</span> <span class='ocrx_word' id='word_1_142' title='bbox 578 2197 870 2258; x_wconf 88' lang='lat' dir='ltr'>arborum</span> <span class='ocrx_word' id='word_1_143' title='bbox 913 2206 1157 2256; x_wconf 86' lang='lat' dir='ltr'>truncos</span> <span class='ocrx_word' id='word_1_144' title='bbox 1196 2197 1531 2277; x_wconf 83' lang='lat' dir='ltr'>praesertim</span> <span class='ocrx_word' id='word_1_145' title='bbox 1585 2194 1841 2255; x_wconf 85' lang='lat' dir='ltr'>salicum</span> <span class='ocrx_word' id='word_1_146' title='bbox 1878 2198 1944 2256; x_wconf 87' lang='lat' dir='ltr'>in</span> <span class='ocrx_word' id='word_1_147' title='bbox 1983 2201 2172 2278; x_wconf 88' lang='lat' dir='ltr'>pratis</span> <span class='ocrx_word' id='word_1_148' title='bbox 2213 2202 2295 2264; x_wconf 89' lang='lat' dir='ltr'>ir-</span> 
     </span>
    </p>
   </div>
   <div class='ocr_carea' id='block_1_6' title="bbox 352 2314 2300 3140">
    <p class='ocr_par' dir='ltr' id='par_1_8' title="bbox 367 2314 571 2355">
     <span class='ocr_line' id='line_1_20' title="bbox 367 2314 571 2355; baseline -0.01 0"><span class='ocrx_word' id='word_1_149' title='bbox 367 2315 417 2355; x_wconf 88' lang='lat' dir='ltr'>r1</span> <span class='ocrx_word' id='word_1_150' title='bbox 525 2314 571 2353; x_wconf 89' lang='lat' dir='ltr'>s.</span> 
     </span>
    </p>

    <p class='ocr_par' dir='ltr' id='par_1_9' title="bbox 352 2315 2300 3045">
     <span class='ocr_line' id='line_1_21' title="bbox 420 2315 2292 2470; baseline -0.001 -20"><span class='ocrx_word' id='word_1_151' title='bbox 420 2315 587 2450; x_wconf 54' lang='lat' dir='ltr'>81:³oe</span> <span class='ocrx_word' id='word_1_152' title='bbox 630 2387 1047 2470; x_wconf 81' lang='lat' dir='ltr'>caespitosnm,</span> <span class='ocrx_word' id='word_1_153' title='bbox 1099 2383 1286 2447; x_wconf 88' lang='lat' dir='ltr'>caulis</span> <span class='ocrx_word' id='word_1_154' title='bbox 1339 2385 1418 2447; x_wconf 87' lang='lat' dir='ltr'>ab</span> <span class='ocrx_word' id='word_1_155' title='bbox 1468 2387 1646 2447; x_wconf 88' lang='lat' dir='ltr'>uncia</span> <span class='ocrx_word' id='word_1_156' title='bbox 1688 2385 1766 2446; x_wconf 89' lang='lat' dir='ltr'>ad</span> <span class='ocrx_word' id='word_1_157' title='bbox 1807 2387 2045 2447; x_wconf 89' lang='lat' dir='ltr'>unciam</span> <span class='ocrx_word' id='word_1_158' title='bbox 2107 2408 2292 2449; x_wconf 89' lang='lat' dir='ltr'>unam</span> 
     </span>
     <span class='ocr_line' id='line_1_22' title="bbox 353 2480 2300 2567; baseline -0.002 -19"><span class='ocrx_word' id='word_1_159' title='bbox 353 2494 417 2548; x_wconf 88' lang='lat' dir='ltr'>et</span> <span class='ocrx_word' id='word_1_160' title='bbox 443 2482 752 2546; x_wconf 88' lang='lat' dir='ltr'>dimidiam</span> <span class='ocrx_word' id='word_1_161' title='bbox 794 2483 1031 2567; x_wconf 70' lang='lat' dir='ltr'>longus»,</span> <span class='ocrx_word' id='word_1_162' title='bbox 1059 2484 1212 2544; x_wconf 87' lang='lat' dir='ltr'>rami</span> <span class='ocrx_word' id='word_1_163' title='bbox 1256 2483 1382 2544; x_wconf 83' lang='lat' dir='ltr'>fere</span> <span class='ocrx_word' id='word_1_164' title='bbox 1424 2503 1667 2567; x_wconf 83' lang='lat' dir='ltr'>semper</span> <span class='ocrx_word' id='word_1_165' title='bbox 1707 2480 2007 2565; x_wconf 86' lang='lat' dir='ltr'>simplices</span> <span class='ocrx_word' id='word_1_166' title='bbox 2040 2486 2300 2564; x_wconf 74' lang='lat' dir='ltr'>incurvi,</span> 
     </span>
     <span class='ocr_line' id='line_1_23' title="bbox 353 2578 2293 2663; baseline 0.001 -23"><span class='ocrx_word' id='word_1_167' title='bbox 353 2601 494 2644; x_wconf 87' lang='lat' dir='ltr'>raro</span> <span class='ocrx_word' id='word_1_168' title='bbox 538 2581 742 2641; x_wconf 90' lang='lat' dir='ltr'>erecti.</span> <span class='ocrx_word' id='word_1_169' title='bbox 783 2578 959 2641; x_wconf 87' lang='lat' dir='ltr'>Folia</span> <span class='ocrx_word' id='word_1_170' title='bbox 1000 2578 1284 2663; x_wconf 90' lang='lat' dir='ltr'>secunda,</span> <span class='ocrx_word' id='word_1_171' title='bbox 1324 2581 1586 2640; x_wconf 83' lang='lat' dir='ltr'>siccitate</span> <span class='ocrx_word' id='word_1_172' title='bbox 1620 2599 1928 2662; x_wconf 78' lang='lat' dir='ltr'>appressa,</span> <span class='ocrx_word' id='word_1_173' title='bbox 1972 2601 2160 2662; x_wconf 87' lang='lat' dir='ltr'>opaca</span> <span class='ocrx_word' id='word_1_174' title='bbox 2204 2581 2293 2641; x_wconf 91' lang='lat' dir='ltr'>lu-</span> 
     </span>
     <span class='ocr_line' id='line_1_24' title="bbox 352 2672 2292 2757; baseline 0.002 -23"><span class='ocrx_word' id='word_1_175' title='bbox 352 2673 485 2735; x_wconf 88' lang='lat' dir='ltr'>ride</span> <span class='ocrx_word' id='word_1_176' title='bbox 528 2673 761 2750; x_wconf 82' lang='lat' dir='ltr'>viridia,</span> <span class='ocrx_word' id='word_1_177' title='bbox 800 2672 1225 2757; x_wconf 84' lang='lat' dir='ltr'>perichaetialia</span> <span class='ocrx_word' id='word_1_178' title='bbox 1266 2674 1514 2736; x_wconf 86' lang='lat' dir='ltr'>caulinis</span> <span class='ocrx_word' id='word_1_179' title='bbox 1557 2673 1833 2757; x_wconf 83' lang='lat' dir='ltr'>longiora</span> <span class='ocrx_word' id='word_1_180' title='bbox 1884 2673 2102 2734; x_wconf 86' lang='lat' dir='ltr'>albida.</span> <span class='ocrx_word' id='word_1_181' title='bbox 2149 2676 2292 2737; x_wconf 84' lang='lat' dir='ltr'>Seta</span> 
     </span>
     <span class='ocr_line' id='line_1_25' title="bbox 353 2767 2288 2852; baseline 0.002 -24"><span class='ocrx_word' id='word_1_182' title='bbox 353 2769 514 2831; x_wconf 86' lang='lat' dir='ltr'>laevis</span> <span class='ocrx_word' id='word_1_183' title='bbox 556 2767 812 2829; x_wconf 84' lang='lat' dir='ltr'>rutilans</span> <span class='ocrx_word' id='word_1_184' title='bbox 854 2768 1230 2831; x_wconf 86' lang='lat' dir='ltr'>semuncialis</span> <span class='ocrx_word' id='word_1_185' title='bbox 1253 2814 1272 2844; x_wconf 90' lang='lat'><strong>,</strong></span> <span class='ocrx_word' id='word_1_186' title='bbox 1332 2768 1539 2852; x_wconf 88' lang='lat' dir='ltr'>plures</span> <span class='ocrx_word' id='word_1_187' title='bbox 1586 2773 1650 2830; x_wconf 90' lang='lat' dir='ltr'>in</span> <span class='ocrx_word' id='word_1_188' title='bbox 1701 2769 1918 2830; x_wconf 90' lang='lat' dir='ltr'>eodem</span> <span class='ocrx_word' id='word_1_189' title='bbox 1961 2770 2288 2832; x_wconf 80' lang='lat' dir='ltr'>individuo,</span> 
     </span>
     <span class='ocr_line' id='line_1_26' title="bbox 352 2864 2288 2949; baseline 0.001 -22"><span class='ocrx_word' id='word_1_190' title='bbox 352 2864 613 2949; x_wconf 84' lang='lat' dir='ltr'>Capsula</span> <span class='ocrx_word' id='word_1_191' title='bbox 676 2865 862 2927; x_wconf 86' lang='lat' dir='ltr'>dilute</span> <span class='ocrx_word' id='word_1_192' title='bbox 916 2865 1100 2927; x_wconf 87' lang='lat' dir='ltr'>badia</span> <span class='ocrx_word' id='word_1_193' title='bbox 1140 2866 1322 2927; x_wconf 88' lang='lat' dir='ltr'>dorso</span> <span class='ocrx_word' id='word_1_194' title='bbox 1379 2876 1584 2928; x_wconf 90' lang='lat' dir='ltr'>tamen</span> <span class='ocrx_word' id='word_1_195' title='bbox 1638 2869 1959 2928; x_wconf 84' lang='lat' dir='ltr'>saturatius</span> <span class='ocrx_word' id='word_1_196' title='bbox 2002 2866 2288 2930; x_wconf 86' lang='lat' dir='ltr'>colorata.</span> 
     </span>
     <span class='ocr_line' id='line_1_27' title="bbox 355 2961 2097 3045; baseline -0.001 -23"><span class='ocrx_word' id='word_1_197' title='bbox 355 2961 732 3045; x_wconf 79' lang='lat' dir='ltr'>operculum</span> <span class='ocrx_word' id='word_1_198' title='bbox 772 2962 961 3023; x_wconf 87' lang='lat' dir='ltr'>breve</span> <span class='ocrx_word' id='word_1_199' title='bbox 1005 2964 1300 3022; x_wconf 87' lang='lat' dir='ltr'>conicum.</span> <span class='ocrx_word' id='word_1_200' title='bbox 1614 2982 1617 2985; x_wconf 67' lang='grc'>’</span> <span class='ocrx_word' id='word_1_201' title='bbox 1966 2986 1971 2991; x_wconf 94' lang='grc'><em>·</em></span> <span class='ocrx_word' id='word_1_202' title='bbox 2093 3016 2097 3021; x_wconf 86' lang='grc'><strong>.</strong></span> 
     </span>
    </p>

    <p class='ocr_par' dir='ltr' id='par_1_10' title="bbox 431 3055 2286 3140">
     <span class='ocr_line' id='line_1_28' title="bbox 431 3055 2286 3140; baseline 0.002 -23"><span class='ocrx_word' id='word_1_203' title='bbox 431 3057 660 3117; x_wconf 81' lang='lat' dir='ltr'>Nervus</span> <span class='ocrx_word' id='word_1_204' title='bbox 702 3059 765 3117; x_wconf 92' lang='lat' dir='ltr'>in</span> <span class='ocrx_word' id='word_1_205' title='bbox 808 3055 924 3119; x_wconf 87' lang='lat' dir='ltr'>ha&#39;c</span> <span class='ocrx_word' id='word_1_206' title='bbox 965 3059 1162 3139; x_wconf 88' lang='lat' dir='ltr'>specie</span> <span class='ocrx_word' id='word_1_207' title='bbox 1205 3076 1361 3140; x_wconf 85' lang='lat' dir='ltr'>saepe</span> <span class='ocrx_word' id='word_1_208' title='bbox 1406 3057 1620 3138; x_wconf 82' lang='lat' dir='ltr'>saepius</span> <span class='ocrx_word' id='word_1_209' title='bbox 1680 3066 1819 3127; x_wconf 82' lang='lat' dir='ltr'>ante</span> <span class='ocrx_word' id='word_1_210' title='bbox 1874 3060 2104 3140; x_wconf 86' lang='lat' dir='ltr'>apicem</span> <span class='ocrx_word' id='word_1_211' title='bbox 2149 3080 2286 3120; x_wconf 86' lang='lat' dir='ltr'>eva-</span> 
     </span>
    </p>
   </div>
   <div class='ocr_carea' id='block_1_7' title="bbox 221 3152 2283 3242">
    <p class='ocr_par' dir='ltr' id='par_1_11' title="bbox 221 3152 2283 3242">
     <span class='ocr_line' id='line_1_29' title="bbox 221 3152 2283 3242; baseline 0.001 -29"><span class='ocrx_word' id='word_1_212' title='bbox 221 3160 224 3163; x_wconf 77' lang='grc'><strong><em>’</em></strong></span> <span class='ocrx_word' id='word_1_213' title='bbox 351 3155 541 3213; x_wconf 90' lang='lat' dir='ltr'>nescit</span> <span class='ocrx_word' id='word_1_214' title='bbox 581 3173 712 3213; x_wconf 86' lang='lat' dir='ltr'>non</span> <span class='ocrx_word' id='word_1_215' title='bbox 755 3152 953 3214; x_wconf 89' lang='lat' dir='ltr'>solum</span> <span class='ocrx_word' id='word_1_216' title='bbox 996 3156 1058 3212; x_wconf 90' lang='lat' dir='ltr'>in</span> <span class='ocrx_word' id='word_1_217' title='bbox 1098 3155 1324 3213; x_wconf 86' lang='lat' dir='ltr'>nostris·</span> <span class='ocrx_word' id='word_1_218' title='bbox 1378 3152 1800 3234; x_wconf 86' lang='lat' dir='ltr'>speciminibus</span> <span class='ocrx_word' id='word_1_219' title='bbox 1858 3174 1990 3242; x_wconf 81' lang='lat' dir='ltr'>quae</span> <span class='ocrx_word' id='word_1_220' title='bbox 2055 3153 2283 3236; x_wconf 88' lang='lat' dir='ltr'>pluries</span> 
     </span>
    </p>
   </div>
   <div class='ocr_carea' id='block_1_8' title="bbox 350 3248 2287 3518">
    <p class='ocr_par' dir='ltr' id='par_1_12' title="bbox 350 3248 2287 3518">
     <span class='ocr_line' id='line_1_30' title="bbox 350 3248 2287 3331; baseline 0.001 -23"><span class='ocrx_word' id='word_1_221' title='bbox 350 3257 413 3308; x_wconf 88' lang='lat' dir='ltr'>et</span> <span class='ocrx_word' id='word_1_222' title='bbox 452 3251 725 3331; x_wconf 89' lang='lat' dir='ltr'>repetitis</span> <span class='ocrx_word' id='word_1_223' title='bbox 768 3248 996 3309; x_wconf 84' lang='lat' dir='ltr'>vicibus</span> <span class='ocrx_word' id='word_1_224' title='bbox 1039 3249 1527 3322; x_wconf 68' lang='lat' dir='ltr'>examinavimus3</span> <span class='ocrx_word' id='word_1_225' title='bbox 1551 3268 1759 3309; x_wconf 87' lang='lat' dir='ltr'>verum</span> <span class='ocrx_word' id='word_1_226' title='bbox 1791 3251 1971 3309; x_wconf 83' lang='lat' dir='ltr'>etiam</span> <span class='ocrx_word' id='word_1_227' title='bbox 2013 3252 2076 3309; x_wconf 93' lang='lat' dir='ltr'>in</span> <span class='ocrx_word' id='word_1_228' title='bbox 2118 3249 2287 3330; x_wconf 82' lang='lat' dir='ltr'>plaa-</span> 
     </span>
     <span class='ocr_line' id='line_1_31' title="bbox 352 3341 2282 3426; baseline 0.002 -25"><span class='ocrx_word' id='word_1_229' title='bbox 352 3344 423 3402; x_wconf 91' lang='lat' dir='ltr'>tis</span> <span class='ocrx_word' id='word_1_230' title='bbox 462 3341 743 3425; x_wconf 84' lang='lat' dir='ltr'>Anglicis,</span> <span class='ocrx_word' id='word_1_231' title='bbox 785 3346 868 3403; x_wconf 93' lang='lat' dir='ltr'>ita</span> <span class='ocrx_word' id='word_1_232' title='bbox 910 3354 979 3404; x_wconf 93' lang='lat' dir='ltr'>ut</span> <span class='ocrx_word' id='word_1_233' title='bbox 1019 3344 1341 3404; x_wconf 87' lang='lat' dir='ltr'>discrimen</span> <span class='ocrx_word' id='word_1_234' title='bbox 1382 3346 1541 3404; x_wconf 90' lang='lat' dir='ltr'>inter</span> <span class='ocrx_word' id='word_1_235' title='bbox 1580 3342 1737 3405; x_wconf 87' lang='lat' dir='ltr'>hanc</span> <span class='ocrx_word' id='word_1_236' title='bbox 1779 3354 1842 3405; x_wconf 90' lang='lat' dir='ltr'>et</span> <span class='ocrx_word' id='word_1_237' title='bbox 1885 3347 2143 3426; x_wconf 89' lang='lat' dir='ltr'>speciem</span> <span class='ocrx_word' id='word_1_238' title='bbox 2191 3366 2282 3405; x_wconf 84' lang='lat' dir='ltr'>se·</span> 
     </span>
     <span class='ocr_line' id='line_1_32' title="bbox 350 3437 1249 3518; baseline -0.001 -21"><span class='ocrx_word' id='word_1_239' title='bbox 350 3448 634 3518; x_wconf 83' lang='lat' dir='ltr'>quentem</span> <span class='ocrx_word' id='word_1_240' title='bbox 677 3438 850 3499; x_wconf 81' lang='lat' dir='ltr'>valde</span> <span class='ocrx_word' id='word_1_241' title='bbox 894 3437 1249 3511; x_wconf 72' lang='lat' dir='ltr'>infirmatur.</span> 
     </span>
    </p>
   </div>
   <div class='ocr_carea' id='block_1_9' title="bbox 947 3629 1680 3706">
    <p class='ocr_par' dir='ltr' id='par_1_13' title="bbox 947 3629 1680 3706">
     <span class='ocr_line' id='line_1_33' title="bbox 947 3629 1680 3706; baseline 0.004 -16"><span class='ocrx_word' id='word_1_242' title='bbox 947 3630 1043 3706; x_wconf 88' lang='grc'>43.</span> <span class='ocrx_word' id='word_1_243' title='bbox 1089 3629 1315 3703; x_wconf 70' lang='lat' dir='ltr'>Hnunu</span> <span class='ocrx_word' id='word_1_244' title='bbox 1358 3651 1680 3693; x_wconf 57' lang='lat' dir='ltr'>varunnam.</span> 
     </span>
    </p>
   </div>
   <div class='ocr_carea' id='block_1_10' title="bbox 430 3808 2278 4000">
    <p class='ocr_par' dir='ltr' id='par_1_14' title="bbox 430 3808 2278 4000">
     <span class='ocr_line' id='line_1_34' title="bbox 430 3808 2278 3908; baseline 0.001 -28"><span class='ocrx_word' id='word_1_245' title='bbox 430 3822 499 3880; x_wconf 87' lang='lat' dir='ltr'>H.</span> <span class='ocrx_word' id='word_1_246' title='bbox 546 3822 731 3885; x_wconf 89' lang='lat' dir='ltr'>Caule</span> <span class='ocrx_word' id='word_1_247' title='bbox 777 3834 1026 3908; x_wconf 82' lang='lat' dir='ltr'>repente</span> <span class='ocrx_word' id='word_1_248' title='bbox 1068 3843 1215 3904; x_wconf 84' lang='lat' dir='ltr'>vage</span> <span class='ocrx_word' id='word_1_249' title='bbox 1258 3841 1520 3900; x_wconf 83' lang='lat' dir='ltr'>ramos0,</span> <span class='ocrx_word' id='word_1_250' title='bbox 1564 3808 1745 3885; x_wconf 84' lang='lat' dir='ltr'>ramis</span> <span class='ocrx_word' id='word_1_251' title='bbox 1781 3808 2166 3905; x_wconf 80' lang='lat' dir='ltr'>simplicibus,</span> <span class='ocrx_word' id='word_1_252' title='bbox 2188 3821 2278 3885; x_wconf 70' lang='lat' dir='ltr'>fo,-</span> 
     </span>
     <span class='ocr_line' id='line_1_35' title="bbox 1691 3941 1725 4000; baseline 0 0"><span class='ocrx_word' id='word_1_253' title='bbox 1691 3941 1725 4000; x_wconf 88' lang='lat'>7</span> 
     </span>
    </p>
   </div>
  </div>
 </body>
</html>
