2917 5052
2151 399 2256 461 151

324 503 523 570 Hook.
567 524 623 571 ee
671 508 840 594 Tayl.
906 529 1085 570 muse.
1150 509 1277 570 brie.
1320 529 1384 592 p.
1439 508 1555 571 106
1583 554 1601 584 ,
1652 508 1765 570 tab.
1818 529 1908 592 19.
1971 509 2154 571 Mart.
2186 511 2262 589 fl.

322 622 501 692 crypt.
545 609 760 690 erlang.
798 630 860 691 p.
906 610 1003 692 93.
1031 607 1187 668 Dub.
1218 608 1328 667 bot.
1360 609 1498 686 gall.
1537 629 1600 691 p.
1645 605 1782 689 574.
1819 607 2033 667 Pollia.
2067 605 2140 690 sl.
2175 629 2267 666 ve·

317 724 442 763 ron.
490 706 547 779 3,
582 726 646 787 p.
692 709 829 786 317.
872 705 1035 766 Bal-5.
1079 718 1137 766 et
1175 706 1272 768 De
1318 704 1458 765 Not.
1493 725 1672 767 muse.
1737 700 1987 764 Mediol.
2047 706 2262 765 exsicc.

295 799 455 880 fasc.
500 801 631 875 III,
673 825 739 863 n.
780 802 880 863 53.

396 899 808 959 Raoomitrion
851 919 1190 960 canescens,
1235 897 1402 960 Brid.
1444 901 1615 960 meth.
1652 919 1718 982 p.
1764 895 1861 978 78.

399 995 892 1058 Trichostomum
940 996 1249 1058 ericoides.
1284 997 1601 1076 Schwoegr.
1635 997 1825 1079 suppl.
1860 1017 1915 1070 1,
1954 1016 2003 1070 1,
2024 1017 2088 1078 p.
2133 996 2262 1078 147,

317 1087 432 1151 tab.
480 1082 572 1152 28.
623 1093 802 1154 Web.
844 1108 902 1154 ct
941 1094 1125 1155 Mohr
1163 1094 1273 1154 bot.
1319 1095 1500 1154 tasch.
1537 1115 1603 1177 p.
1658 1115 1787 1174 117.

397 1189 810 1251 Racomitrion
852 1189 1163 1250 ericoides.
1209 1190 1374 1250 Brid.
1417 1192 1589 1251 1118111.
1628 1213 1692 1274 p.
1738 1189 1837 1273 78.

397 1287 466 1345 In
510 1286 687 1361 sylvis
730 1297 793 1347 et
835 1286 1089 1348 collibus
1131 1290 1194 1347 in
1236 1287 1386 1356 loeis
1434 1291 1719 1350 arenosis.

398 1381 601 1441 Caulis
665 1382 913 1467 uncialis
964 1366 1060 1443 vel
1114 1383 1433 1444 biuncialis
1500 1383 1915 1466 irregulariter
1968 1402 2261 1441 ramosus.

311 1476 486 1536 Folia
530 1481 680 1539 sicca
723 1479 1009 1560 adpressa
1051 1482 1219 1561 apice
1263 1501 1400 1541 cum
1443 1483 1612 1540 vitris
1656 1499 2047 1562 summopere
2077 1479 2263 1538 adan

315 1577 593 1656 gentibus
629 1575 1026 1653 denticulata,
1063 1598 1253 1637 nervo
1306 1578 1561 1659 praedita
1609 1587 1681 1637 ut
1720 1576 1879 1638 bene
1920 1576 2161 1637 Weber
2201 1585 2264 1636 et

311 1674 492 1735 Mohr
533 1673 1024 1735 observaverunt.
1071 1675 1214 1735 Seta
1258 1674 1408 1736 duas
1451 1675 1549 1736 vel
1591 1685 1716 1735 tres
1759 1674 1950 1735 lineas
1994 1673 2193 1755 longa.

398 1771 494 1831 Ad
554 1770 714 1830 hanc
778 1773 1041 1851 speciem
1096 1772 1562 1836 Trichostomum
1612 1769 1891 1831 en'coides
1944 1768 2263 1829 retulimus

309 1866 400 1924 uti
429 1864 677 1927 Hooker
718 1875 780 1927 et
810 1867 1058 1943 Taylor‚
1100 1888 1243 1928 nam
1280 1869 1392 1949 ipsi
1425 1867 1665 1928 Weber
1707 1876 1770 1928 et
1800 1865 1981 1928 Mohr
2028 1868 2133 1947 qui
2176 1865 2263 1925 di-

315 1963 591 2022 stinctam
632 1966 895 2045 speciem
937 1958 1408 2046 descripserunt,
1457 1972 1676 2044 putant
1723 1965 2079 2023 varietatem
2135 1964 2263 2024 Tri·
2304 1949 2313 1958 ’

312 2057 592 2118 choslomi
637 2061 987 2120 canescentis
1050 2079 1181 2119 esse
1237 2069 1300 2118 et
1351 2057 1549 2118 solum
1607 2056 1976 2138 quandoque
2036 2056 2260 2118 diferre

310 2163 565 2235 propter
605 2173 810 2215 ramos
853 2151 1266 2234 subpinnatos.

1007 2346 1173 2407 xlx.
1218 2345 1577 2408 GRIMMIA.

404 2536 640 2601 Schreb.
681 2562 807 2623 gen.
844 2541 931 2622 pl.
976 2561 1034 2616 2,
1067 2563 1133 2625 p.
1188 2539 1325 2625 759.
1371 2540 1608 2602 Hedw.
1625 2538 1807 2621 fund.
1853 2560 2030 2599 muse.
2087 2559 2173 2613 2,·
2197 2557 2258 2625 p.

311 2635 408 2721 89.
453 2637 660 2716 Ejusd.
702 2656 787 2722 sp.
824 2657 890 2720 p.
935 2635 1030 2718 75.
1075 2636 1224 2698 Am.
1268 2636 1419 2721 disp.
1454 2638 1625 2698 melli.
1662 2656 1727 2721 p.
1775 2635 1913 2716 267.
1956 2631 2161 2697 Hook.
2205 2648 2264 2695 et

321 2734 492 2806 Tarl.
535 2754 713 2794 muse.
757 2736 882 2795 brit.
919 2756 985 2818 p.
1028 2734 1131 2811 64,
1173 2737 1287 2796 tab.
1334 2757 1391 2795 2.

396 2831 705 2893 Grimmiae
748 2852 897 2917 spec.
950 2827 1049 2894 W
1044 2829 1131 2892 eb.
1175 2847 1233 2894 et
1263 2833 1450 2894 Mohr
1490 2829 1605 2894 bot.
1652 2833 1830 2891 tasch.
1865 2851 1929 2916 p.
1966 2851 2096 2913 129.
2121 2831 2259 2888 Tri-

312 2924 612 2986 chostomi
654 2948 738 3010 sp.
794 2920 886 2989 W
885 2924 975 2987 eb.
1019 2940 1078 2989 et
1116 2928 1315 2989 Mohr.

412 3092 575 3164 Seta
629 3093 1077 3191 terminalis,
1129 3093 1512 3191 peristoma
1562 3091 1878 3191 simplex
1925 3089 2258 3164 dentibus

310 3206 626 3279 sedecim
691 3209 943 3278 erectis
1007 3204 1120 3280 vel
1189 3204 1472 3277 reflexis
1539 3203 1877 3277 solitariis
1929 3205 2255 3304 pyrami-

313 3318 495 3391 datis
545 3318 1160 3419 aequidistantibus
1210 3319 1508 3415 integris
1546 3315 1662 3392 vel
1697 3316 2102 3449 perforatis,
2139 3341 2255 3388 ca-

313 3429 548 3529 lyptra
601 3430 1112 3504 mitraeformis.

878 3652 925 3692 1.
971 3628 1114 3688 Seta
1156 3638 1392 3689 exserta
1436 3637 1702 3689 arcuata.

964 3829 1010 3867 1.
1057 3809 1303 3869 Gnunm
1344 3831 1607 3870 1111181111.

401 3987 473 4044 G.
520 3985 704 4047 Caule
748 4006 990 4047 ramoso
1033 3996 1255 4057 erecto,
1302 3985 1461 4049 foliis
1508 3983 2057 4048 ovato-lanceolatis
2109 3983 2258 4041 cari-
