<?xml version="1.0" encoding="UTF-8"?>
<!DOCTYPE html PUBLIC "-//W3C//DTD XHTML 1.0 Transitional//EN"
    "http://www.w3.org/TR/xhtml1/DTD/xhtml1-transitional.dtd">
<html xmlns="http://www.w3.org/1999/xhtml" xml:lang="en" lang="en">
 <head>
  <title>
</title>
<meta http-equiv="Content-Type" content="text/html;charset=utf-8" />
  <meta name='ocr-system' content='tesseract 3.04.00' />
  <meta name='ocr-capabilities' content='ocr_page ocr_carea ocr_par ocr_line ocrx_word'/>
</head>
<body>
  <div class='ocr_page' id='page_1' title='image "./prodromusbryolo00notagoog/prodromusbryolo00notagoog_0057.png"; bbox 0 0 2917 5052; ppageno 0'>
   <div class='ocr_carea' id='block_1_1' title="bbox 299 438 2154 629">
    <p class='ocr_par' dir='ltr' id='par_1_1' title="bbox 299 438 2154 631">
     <span class='ocr_line' id='line_1_1' title="bbox 299 438 2154 629; baseline 0.001 -21"><span class='ocrx_word' id='word_1_1' title='bbox 299 546 445 609; x_wconf 79' lang='lat' dir='ltr'><strong>Diu.</strong></span> <span class='ocrx_word' id='word_1_2' title='bbox 488 545 617 608; x_wconf 74' lang='lat' dir='ltr'><strong>hist.</strong></span> <span class='ocrx_word' id='word_1_3' title='bbox 659 563 839 605; x_wconf 72' lang='lat' dir='ltr'><strong>masc.</strong></span> <span class='ocrx_word' id='word_1_4' title='bbox 885 541 996 604; x_wconf 78' lang='lat' dir='ltr'><strong>tab.</strong></span> <span class='ocrx_word' id='word_1_5' title='bbox 1041 540 1142 619; x_wconf 82' lang='lat'><strong>50,</strong></span> <span class='ocrx_word' id='word_1_6' title='bbox 1168 540 1283 623; x_wconf 83' lang='lat' dir='ltr'><strong>fig.</strong></span> <span class='ocrx_word' id='word_1_7' title='bbox 1325 539 1423 624; x_wconf 87' lang='lat'><strong>69.</strong></span> <span class='ocrx_word' id='word_1_8' title='bbox 1469 538 1637 603; x_wconf 79' lang='lat' dir='ltr'><strong>Han.</strong></span> <span class='ocrx_word' id='word_1_9' title='bbox 1681 544 1829 608; x_wconf 79' lang='lat' dir='ltr'><strong>icon.</strong></span> <span class='ocrx_word' id='word_1_10' title='bbox 1878 545 1965 629; x_wconf 85' lang='lat' dir='ltr'><strong>pl.</strong></span> <span class='ocrx_word' id='word_1_11' title='bbox 2005 438 2154 610; x_wconf 54' lang='lat'><strong>1³33</strong></span> 
     </span>
    </p>
   </div>
   <div class='ocr_carea' id='block_1_2' title="bbox 200 640 953 821">
    <p class='ocr_par' dir='ltr' id='par_1_2' title="bbox 200 640 934 821">
     <span class='ocr_line' id='line_1_2' title="bbox 200 640 720 727; baseline 0.008 -4"><span class='ocrx_word' id='word_1_12' title='bbox 200 645 327 707; x_wconf 72' lang='lat' dir='ltr'><strong>tab·</strong></span> <span class='ocrx_word' id='word_1_13' title='bbox 369 645 476 727; x_wconf 74' lang='lat'><strong>49,</strong></span> <span class='ocrx_word' id='word_1_14' title='bbox 501 641 617 726; x_wconf 68' lang='lat' dir='ltr'><strong>fis·</strong></span> <span class='ocrx_word' id='word_1_15' title='bbox 662 640 720 702; x_wconf 81' lang='grc'><strong>6·</strong></span> 
     </span>
     <span class='ocr_line' id='line_1_3' title="bbox 287 745 953 821; baseline -0.008 -20"><span class='ocrx_word' id='word_1_16' title='bbox 287 745 350 819; x_wconf 86' lang='grc' dir='ltr'><strong>β.</strong></span> <span class='ocrx_word' id='word_1_17' title='bbox 394 750 557 800; x_wconf 88' lang='lat' dir='ltr'><strong>atro·</strong></span> <span class='ocrx_word' id='word_1_18' title='bbox 532 755 953 821; x_wconf 89' lang='lat' dir='ltr'><strong>·purpureum.</strong></span> 
     </span>
    </p>
   </div>
   <div class='ocr_carea' id='block_1_3' title="bbox 190 765 2172 2734">
    <p class='ocr_par' dir='ltr' id='par_1_3' title="bbox 286 765 1734 919">
     <span class='ocr_line' id='line_1_4' title="bbox 286 765 1734 919; baseline -0.004 -21"><span class='ocrx_word' id='word_1_19' title='bbox 286 834 552 919; x_wconf 80' lang='lat' dir='ltr'><strong>capsula</strong></span> <span class='ocrx_word' id='word_1_20' title='bbox 595 829 756 894; x_wconf 83' lang='lat' dir='ltr'><strong>atro&#39;-</strong></span> <span class='ocrx_word' id='word_1_21' title='bbox 730 834 1086 915; x_wconf 89' lang='lat' dir='ltr'><strong>-sanguinea</strong></span> <span class='ocrx_word' id='word_1_22' title='bbox 1127 765 1418 914; x_wconf 82' lang='lat' dir='ltr'><strong>operculo</strong></span> <span class='ocrx_word' id='word_1_23' title='bbox 1461 831 1734 893; x_wconf 76' lang='lat' dir='ltr'><strong>miniato.</strong></span> 
     </span>
    </p>

    <p class='ocr_par' dir='ltr' id='par_1_4' title="bbox 291 926 2048 1013">
     <span class='ocr_line' id='line_1_5' title="bbox 291 926 2048 1013; baseline -0.001 -21"><span class='ocrx_word' id='word_1_24' title='bbox 291 929 622 995; x_wconf 72' lang='lat' dir='ltr'><strong>Wahlenb.</strong></span> <span class='ocrx_word' id='word_1_25' title='bbox 659 929 728 998; x_wconf 69' lang='lat' dir='ltr'><strong>a.</strong></span> <span class='ocrx_word' id='word_1_26' title='bbox 771 930 933 1013; x_wconf 84' lang='lat' dir='ltr'><strong><em>lapp.</em></strong></span> <span class='ocrx_word' id='word_1_27' title='bbox 971 949 1035 1012; x_wconf 91' lang='lat' dir='ltr'><strong>p.</strong></span> <span class='ocrx_word' id='word_1_28' title='bbox 1081 926 1221 988; x_wconf 86' lang='grc'><strong>360.</strong></span> <span class='ocrx_word' id='word_1_29' title='bbox 1262 926 1420 987; x_wconf 79' lang='lat' dir='ltr'><strong>Dub.</strong></span> <span class='ocrx_word' id='word_1_30' title='bbox 1464 927 1576 988; x_wconf 83' lang='lat' dir='ltr'><strong>bot.</strong></span> <span class='ocrx_word' id='word_1_31' title='bbox 1616 927 1760 1007; x_wconf 81' lang='lat' dir='ltr'><strong>gall.</strong></span> <span class='ocrx_word' id='word_1_32' title='bbox 1795 949 1866 1011; x_wconf 89' lang='lat' dir='ltr'><strong>p.</strong></span> <span class='ocrx_word' id='word_1_33' title='bbox 1906 927 2048 991; x_wconf 78' lang='lat'><strong>552.</strong></span> 
     </span>
    </p>

    <p class='ocr_par' dir='ltr' id='par_1_5' title="bbox 190 1020 2151 1204">
     <span class='ocr_line' id='line_1_6' title="bbox 281 1020 2151 1108; baseline -0.001 -19"><span class='ocrx_word' id='word_1_34' title='bbox 281 1029 516 1106; x_wconf 80' lang='lat' dir='ltr'><strong>Bryum</strong></span> <span class='ocrx_word' id='word_1_35' title='bbox 597 1024 1095 1108; x_wconf 82' lang='lat' dir='ltr'><strong>erythrocarpon.</strong></span> <span class='ocrx_word' id='word_1_36' title='bbox 1158 1020 1324 1083; x_wconf 79' lang='lat' dir='ltr'><strong>Brid.</strong></span> <span class='ocrx_word' id='word_1_37' title='bbox 1399 1023 1573 1084; x_wconf 73' lang='lat' dir='ltr'><strong>meth.</strong></span> <span class='ocrx_word' id='word_1_38' title='bbox 1637 1045 1702 1105; x_wconf 93' lang='lat' dir='ltr'><strong>p.</strong></span> <span class='ocrx_word' id='word_1_39' title='bbox 1775 1022 1891 1087; x_wconf 87' lang='lat'><strong>118</strong></span> <span class='ocrx_word' id='word_1_40' title='bbox 1958 1026 1995 1107; x_wconf 92' lang='lat'><em>(</em></span> <span class='ocrx_word' id='word_1_41' title='bbox 2027 1046 2151 1088; x_wconf 77' lang='lat' dir='ltr'><strong>non</strong></span> 
     </span>
     <span class='ocr_line' id='line_1_7' title="bbox 190 1121 593 1204; baseline -0.01 -18"><span class='ocrx_word' id='word_1_42' title='bbox 190 1121 593 1204; x_wconf 79' lang='lat' dir='ltr'><strong>Schwoegr.).</strong></span> 
     </span>
    </p>

    <p class='ocr_par' dir='ltr' id='par_1_6' title="bbox 197 1213 2145 1400">
     <span class='ocr_line' id='line_1_8' title="bbox 287 1213 2145 1299; baseline -0.002 -17"><span class='ocrx_word' id='word_1_43' title='bbox 287 1220 384 1282; x_wconf 79' lang='lat' dir='ltr'><strong>Ad</strong></span> <span class='ocrx_word' id='word_1_44' title='bbox 426 1219 728 1299; x_wconf 82' lang='lat' dir='ltr'><strong>margines</strong></span> <span class='ocrx_word' id='word_1_45' title='bbox 792 1217 1092 1278; x_wconf 82' lang='lat' dir='ltr'><strong>fossarum</strong></span> <span class='ocrx_word' id='word_1_46' title='bbox 1135 1223 1199 1274; x_wconf 92' lang='lat' dir='ltr'><strong>et</strong></span> <span class='ocrx_word' id='word_1_47' title='bbox 1238 1216 1305 1273; x_wconf 90' lang='lat' dir='ltr'><strong>in</strong></span> <span class='ocrx_word' id='word_1_48' title='bbox 1344 1213 1494 1275; x_wconf 85' lang='lat' dir='ltr'><strong>loeis</strong></span> <span class='ocrx_word' id='word_1_49' title='bbox 1546 1217 1817 1276; x_wconf 80' lang='lat' dir='ltr'>arenosis</span> <span class='ocrx_word' id='word_1_50' title='bbox 1879 1214 2145 1278; x_wconf 78' lang='lat' dir='ltr'><strong>humidis</strong></span> 
     </span>
     <span class='ocr_line' id='line_1_9' title="bbox 197 1307 1773 1400; baseline -0.003 -22"><span class='ocrx_word' id='word_1_51' title='bbox 197 1317 485 1400; x_wconf 73' lang='lat' dir='ltr'><strong>vulgaret</strong></span> <span class='ocrx_word' id='word_1_52' title='bbox 527 1319 737 1379; x_wconf 79' lang='lat' dir='ltr'><strong>variet.</strong></span> <span class='ocrx_word' id='word_1_53' title='bbox 783 1335 941 1398; x_wconf 81' lang='lat' dir='ltr'><strong>saepe</strong></span> <span class='ocrx_word' id='word_1_54' title='bbox 985 1313 1331 1394; x_wconf 83' lang='lat' dir='ltr'><strong>promiscue</strong></span> <span class='ocrx_word' id='word_1_55' title='bbox 1374 1331 1514 1371; x_wconf 91' lang='lat' dir='ltr'><strong>cum</strong></span> <span class='ocrx_word' id='word_1_56' title='bbox 1548 1307 1773 1393; x_wconf 77' lang='lat' dir='ltr'><strong>specie.</strong></span> 
     </span>
    </p>

    <p class='ocr_par' dir='ltr' id='par_1_7' title="bbox 198 1404 2172 1954">
     <span class='ocr_line' id='line_1_10' title="bbox 289 1404 2153 1492; baseline -0.004 -19"><span class='ocrx_word' id='word_1_57' title='bbox 289 1414 511 1476; x_wconf 88' lang='lat' dir='ltr'><strong>Caules</strong></span> <span class='ocrx_word' id='word_1_58' title='bbox 553 1423 677 1473; x_wconf 88' lang='lat' dir='ltr'><strong>tres</strong></span> <span class='ocrx_word' id='word_1_59' title='bbox 722 1421 1058 1492; x_wconf 84' lang='lat' dir='ltr'><strong>quatuorve</strong></span> <span class='ocrx_word' id='word_1_60' title='bbox 1101 1405 1287 1486; x_wconf 82' lang='lat' dir='ltr'><strong>lineas</strong></span> <span class='ocrx_word' id='word_1_61' title='bbox 1330 1404 1507 1467; x_wconf 90' lang='lat' dir='ltr'><strong>altus.</strong></span> <span class='ocrx_word' id='word_1_62' title='bbox 1540 1406 1718 1467; x_wconf 88' lang='lat' dir='ltr'><strong>Folia</strong></span> <span class='ocrx_word' id='word_1_63' title='bbox 1756 1405 1982 1489; x_wconf 88' lang='lat' dir='ltr'><strong>pallida</strong></span> <span class='ocrx_word' id='word_1_64' title='bbox 2020 1405 2153 1489; x_wconf 88' lang='lat' dir='ltr'><strong>pel-</strong></span> 
     </span>
     <span class='ocr_line' id='line_1_11' title="bbox 202 1501 2155 1594; baseline -0.003 -23"><span class='ocrx_word' id='word_1_65' title='bbox 202 1508 471 1571; x_wconf 88' lang='lat' dir='ltr'><strong>lucentia</strong></span> <span class='ocrx_word' id='word_1_66' title='bbox 493 1509 746 1594; x_wconf 86' lang='lat' dir='ltr'><strong>pulchre</strong></span> <span class='ocrx_word' id='word_1_67' title='bbox 769 1505 1099 1580; x_wconf 87' lang='lat' dir='ltr'><strong>reticulata,</strong></span> <span class='ocrx_word' id='word_1_68' title='bbox 1131 1504 1348 1565; x_wconf 87' lang='lat' dir='ltr'><strong>areolis</strong></span> <span class='ocrx_word' id='word_1_69' title='bbox 1380 1501 1678 1585; x_wconf 80' lang='lat' dir='ltr'>oblongis,</span> <span class='ocrx_word' id='word_1_70' title='bbox 1699 1506 1962 1565; x_wconf 82' lang='lat' dir='ltr'><strong>siccitate</strong></span> <span class='ocrx_word' id='word_1_71' title='bbox 1991 1525 2155 1566; x_wconf 87' lang='lat' dir='ltr'><strong>erec-</strong></span> 
     </span>
     <span class='ocr_line' id='line_1_12' title="bbox 200 1598 2153 1687; baseline -0.002 -22"><span class='ocrx_word' id='word_1_72' title='bbox 200 1604 467 1666; x_wconf 87' lang='lat' dir='ltr'><strong>tiuscula</strong></span> <span class='ocrx_word' id='word_1_73' title='bbox 508 1608 771 1687; x_wconf 88' lang='lat' dir='ltr'><strong>crispata</strong></span> <span class='ocrx_word' id='word_1_74' title='bbox 813 1601 1176 1683; x_wconf 89' lang='lat' dir='ltr'><strong>quandoque</strong></span> <span class='ocrx_word' id='word_1_75' title='bbox 1220 1598 1630 1675; x_wconf 81' lang='lat' dir='ltr'><strong>subdist&#39;ycha.</strong></span> <span class='ocrx_word' id='word_1_76' title='bbox 1682 1600 1825 1660; x_wconf 89' lang='lat' dir='ltr'><strong>Seta</strong></span> <span class='ocrx_word' id='word_1_77' title='bbox 1875 1612 2153 1682; x_wconf 80' lang='lat' dir='ltr'><strong>quartam</strong></span> 
     </span>
     <span class='ocr_line' id='line_1_13' title="bbox 200 1690 2172 1782; baseline -0.001 -22"><span class='ocrx_word' id='word_1_78' title='bbox 200 1703 398 1762; x_wconf 84' lang='lat' dir='ltr'><strong>unciae</strong></span> <span class='ocrx_word' id='word_1_79' title='bbox 442 1710 679 1782; x_wconf 86' lang='lat' dir='ltr'><strong>partem</strong></span> <span class='ocrx_word' id='word_1_80' title='bbox 723 1697 1098 1779; x_wconf 81' lang='lat' dir='ltr'><strong>longitudine</strong></span> <span class='ocrx_word' id='word_1_81' title='bbox 1163 1695 1488 1778; x_wconf 67' lang='lat' dir='ltr'><strong>adaequans</strong></span> <span class='ocrx_word' id='word_1_82' title='bbox 1515 1741 1533 1771; x_wconf 90' lang='lat'><strong>,</strong></span> <span class='ocrx_word' id='word_1_83' title='bbox 1597 1690 1812 1757; x_wconf 82' lang='lat' dir='ltr'><strong>carnea&#39;</strong></span> <span class='ocrx_word' id='word_1_84' title='bbox 1837 1742 1856 1772; x_wconf 93' lang='lat'><strong>,</strong></span> <span class='ocrx_word' id='word_1_85' title='bbox 1910 1696 2172 1781; x_wconf 76' lang='lat' dir='ltr'><strong>capsula,</strong></span> 
     </span>
     <span class='ocr_line' id='line_1_14' title="bbox 198 1786 2150 1879; baseline -0.002 -24"><span class='ocrx_word' id='word_1_86' title='bbox 198 1796 578 1879; x_wconf 79' lang='lat' dir='ltr'><strong>pyrisormis,</strong></span> <span class='ocrx_word' id='word_1_87' title='bbox 621 1793 922 1855; x_wconf 89' lang='lat' dir='ltr'><strong>interdum</strong></span> <span class='ocrx_word' id='word_1_88' title='bbox 957 1791 1035 1852; x_wconf 91' lang='lat' dir='ltr'><strong>ad</strong></span> <span class='ocrx_word' id='word_1_89' title='bbox 1067 1790 1338 1853; x_wconf 91' lang='lat' dir='ltr'><strong>medium</strong></span> <span class='ocrx_word' id='word_1_90' title='bbox 1374 1789 1641 1866; x_wconf 88' lang='lat' dir='ltr'><strong>dilatata,</strong></span> <span class='ocrx_word' id='word_1_91' title='bbox 1678 1786 1901 1870; x_wconf 86' lang='lat' dir='ltr'><strong>brevis,</strong></span> <span class='ocrx_word' id='word_1_92' title='bbox 1927 1791 2150 1873; x_wconf 44' lang='lat' dir='ltr'><strong>‚colore</strong></span> 
     </span>
     <span class='ocr_line' id='line_1_15' title="bbox 199 1891 646 1954; baseline 0.004 -3"><span class='ocrx_word' id='word_1_93' title='bbox 199 1891 395 1951; x_wconf 87' lang='lat' dir='ltr'><strong>badio</strong></span> <span class='ocrx_word' id='word_1_94' title='bbox 442 1893 646 1954; x_wconf 85' lang='lat' dir='ltr'><strong>tincta.</strong></span> 
     </span>
    </p>

    <p class='ocr_par' dir='ltr' id='par_1_8' title="bbox 207 1983 2150 2166">
     <span class='ocr_line' id='line_1_16' title="bbox 290 1983 2150 2069; baseline 0 -22"><span class='ocrx_word' id='word_1_95' title='bbox 290 1985 564 2047; x_wconf 86' lang='lat' dir='ltr'><strong>Varietas</strong></span> <span class='ocrx_word' id='word_1_96' title='bbox 605 1984 993 2069; x_wconf 77' lang='lat' dir='ltr'><strong>distinguitur</strong></span> <span class='ocrx_word' id='word_1_97' title='bbox 1034 1983 1240 2046; x_wconf 88' lang='lat' dir='ltr'><strong>colore</strong></span> <span class='ocrx_word' id='word_1_98' title='bbox 1284 1984 1543 2066; x_wconf 83' lang='lat' dir='ltr'><strong>capsulae</strong></span> <span class='ocrx_word' id='word_1_99' title='bbox 1587 1998 1648 2049; x_wconf 89' lang='lat' dir='ltr'><strong>et</strong></span> <span class='ocrx_word' id='word_1_100' title='bbox 1690 1983 1995 2069; x_wconf 86' lang='lat' dir='ltr'><strong>operculi,</strong></span> <span class='ocrx_word' id='word_1_101' title='bbox 2035 1994 2150 2047; x_wconf 85' lang='lat' dir='ltr'><strong>sta·</strong></span> 
     </span>
     <span class='ocr_line' id='line_1_17' title="bbox 207 2079 1669 2166; baseline 0 -22"><span class='ocrx_word' id='word_1_102' title='bbox 207 2093 350 2144; x_wconf 88' lang='lat' dir='ltr'><strong>tura</strong></span> <span class='ocrx_word' id='word_1_103' title='bbox 391 2083 688 2166; x_wconf 86' lang='lat' dir='ltr'><strong>quidquid</strong></span> <span class='ocrx_word' id='word_1_104' title='bbox 728 2084 965 2142; x_wconf 88' lang='lat' dir='ltr'><strong>minore</strong></span> <span class='ocrx_word' id='word_1_105' title='bbox 1007 2079 1288 2162; x_wconf 81' lang='lat' dir='ltr'><strong>foliisque</strong></span> <span class='ocrx_word' id='word_1_106' title='bbox 1333 2082 1669 2144; x_wconf 89' lang='lat' dir='ltr'><strong>latioribus.</strong></span> 
     </span>
    </p>

    <p class='ocr_par' dir='ltr' id='par_1_9' title="bbox 205 2175 2148 2734">
     <span class='ocr_line' id='line_1_18' title="bbox 298 2175 2146 2258; baseline 0.001 -22"><span class='ocrx_word' id='word_1_107' title='bbox 298 2176 624 2254; x_wconf 81' lang='lat' dir='ltr'><strong>Synonima</strong></span> <span class='ocrx_word' id='word_1_108' title='bbox 664 2175 916 2258; x_wconf 83' lang='lat' dir='ltr'><strong>hujusce</strong></span> <span class='ocrx_word' id='word_1_109' title='bbox 973 2178 1193 2256; x_wconf 88' lang='lat' dir='ltr'><strong>speciei</strong></span> <span class='ocrx_word' id='word_1_110' title='bbox 1237 2197 1273 2235; x_wconf 90' lang='lat' dir='ltr'><strong>a</strong></span> <span class='ocrx_word' id='word_1_111' title='bbox 1322 2176 1868 2258; x_wconf 48' lang='lat' dir='ltr'><strong>¹Schwaegrichenio</strong></span> <span class='ocrx_word' id='word_1_112' title='bbox 1923 2180 2146 2237; x_wconf 89' lang='lat' dir='ltr'><strong>mirum</strong></span> 
     </span>
     <span class='ocr_line' id='line_1_19' title="bbox 206 2271 2148 2358; baseline 0.001 -25"><span class='ocrx_word' id='word_1_113' title='bbox 206 2275 274 2333; x_wconf 89' lang='lat' dir='ltr'><strong>in</strong></span> <span class='ocrx_word' id='word_1_114' title='bbox 315 2274 501 2334; x_wconf 89' lang='lat' dir='ltr'><strong>modo</strong></span> <span class='ocrx_word' id='word_1_115' title='bbox 545 2271 827 2334; x_wconf 81' lang='lat' dir='ltr'><strong>confusa!</strong></span> <span class='ocrx_word' id='word_1_116' title='bbox 849 2272 1082 2354; x_wconf 76' lang='lat' dir='ltr'><strong>Btyum</strong></span> <span class='ocrx_word' id='word_1_117' title='bbox 1121 2283 1487 2352; x_wconf 75' lang='lat' dir='ltr'><strong>compactum</strong></span> <span class='ocrx_word' id='word_1_118' title='bbox 1509 2273 1792 2333; x_wconf 81' lang='lat' dir='ltr'><strong>Dicksoni</strong></span> <span class='ocrx_word' id='word_1_119' title='bbox 1816 2273 1937 2354; x_wconf 84' lang='lat' dir='ltr'><strong>(pl.</strong></span> <span class='ocrx_word' id='word_1_120' title='bbox 1963 2287 2148 2358; x_wconf 75' lang='lat' dir='ltr'><strong>crypt.</strong></span> 
     </span>
     <span class='ocr_line' id='line_1_20' title="bbox 205 2363 2148 2451; baseline -0.002 -21"><span class='ocrx_word' id='word_1_121' title='bbox 205 2371 333 2430; x_wconf 79' lang='lat' dir='ltr'><strong>brit.</strong></span> <span class='ocrx_word' id='word_1_122' title='bbox 357 2369 607 2451; x_wconf 53' lang='lat' dir='ltr'><strong>samii,</strong></span> <span class='ocrx_word' id='word_1_123' title='bbox 639 2389 705 2450; x_wconf 90' lang='lat' dir='ltr'><strong>p.</strong></span> <span class='ocrx_word' id='word_1_124' title='bbox 759 2363 856 2438; x_wconf 85' lang='lat'><strong>15,</strong></span> <span class='ocrx_word' id='word_1_125' title='bbox 897 2364 1009 2423; x_wconf 79' lang='lat' dir='ltr'><strong>tab.</strong></span> <span class='ocrx_word' id='word_1_126' title='bbox 1055 2384 1148 2438; x_wconf 79' lang='grc' dir='ltr'><strong>ιι,</strong></span> <span class='ocrx_word' id='word_1_127' title='bbox 1164 2363 1287 2446; x_wconf 73' lang='lat' dir='ltr'><strong>fig.</strong></span> <span class='ocrx_word' id='word_1_128' title='bbox 1332 2365 1444 2444; x_wconf 90' lang='lat'><strong>11)</strong></span> <span class='ocrx_word' id='word_1_129' title='bbox 1489 2367 1657 2448; x_wconf 91' lang='lat' dir='ltr'><strong>quod</strong></span> <span class='ocrx_word' id='word_1_130' title='bbox 1696 2366 1820 2428; x_wconf 88' lang='lat' dir='ltr'><strong>huc</strong></span> <span class='ocrx_word' id='word_1_131' title='bbox 1846 2370 2044 2443; x_wconf 84' lang='lat' dir='ltr'><strong>traxit,</strong></span> <span class='ocrx_word' id='word_1_132' title='bbox 2079 2388 2148 2429; x_wconf 82' lang='lat' dir='ltr'><strong>ex</strong></span> 
     </span>
     <span class='ocr_line' id='line_1_21' title="bbox 207 2450 2148 2550; baseline 0 -25"><span class='ocrx_word' id='word_1_133' title='bbox 207 2463 577 2525; x_wconf 83' lang='lat' dir='ltr'><strong>Auctoribus</strong></span> <span class='ocrx_word' id='word_1_134' title='bbox 608 2450 993 2541; x_wconf 83' lang='lat' dir='ltr'><strong>Muscologiae</strong></span> <span class='ocrx_word' id='word_1_135' title='bbox 1015 2458 1367 2521; x_wconf 79' lang='lat' dir='ltr'><strong>Britannicae</strong></span> <span class='ocrx_word' id='word_1_136' title='bbox 1402 2462 1483 2522; x_wconf 91' lang='lat' dir='ltr'><strong>ad</strong></span> <span class='ocrx_word' id='word_1_137' title='bbox 1501 2464 1730 2550; x_wconf 75' lang='lat' dir='ltr'><strong>Btyum</strong></span> <span class='ocrx_word' id='word_1_138' title='bbox 1755 2478 1970 2525; x_wconf 77' lang='lat' dir='ltr'><strong>nutans</strong></span> <span class='ocrx_word' id='word_1_139' title='bbox 2014 2484 2148 2549; x_wconf 88' lang='lat' dir='ltr'><strong>spe-</strong></span> 
     </span>
     <span class='ocr_line' id='line_1_22' title="bbox 207 2556 2148 2646; baseline 0.001 -26"><span class='ocrx_word' id='word_1_140' title='bbox 207 2569 351 2629; x_wconf 90' lang='lat' dir='ltr'><strong>ctat,</strong></span> <span class='ocrx_word' id='word_1_141' title='bbox 381 2569 444 2619; x_wconf 87' lang='lat' dir='ltr'><strong>et</strong></span> <span class='ocrx_word' id='word_1_142' title='bbox 472 2578 681 2619; x_wconf 86' lang='lat' dir='ltr'><strong>revera</strong></span> <span class='ocrx_word' id='word_1_143' title='bbox 722 2560 859 2617; x_wconf 90' lang='lat' dir='ltr'><strong>icon</strong></span> <span class='ocrx_word' id='word_1_144' title='bbox 897 2556 1182 2645; x_wconf 76' lang='lat' dir='ltr'><strong>Dicksoni</strong></span> <span class='ocrx_word' id='word_1_145' title='bbox 1224 2558 1411 2618; x_wconf 86' lang='lat' dir='ltr'><strong>refert</strong></span> <span class='ocrx_word' id='word_1_146' title='bbox 1452 2560 1723 2642; x_wconf 86' lang='lat' dir='ltr'><strong>plantam</strong></span> <span class='ocrx_word' id='word_1_147' title='bbox 1766 2582 1803 2620; x_wconf 89' lang='lat' dir='ltr'><strong>a</strong></span> <span class='ocrx_word' id='word_1_148' title='bbox 1830 2562 1995 2646; x_wconf 80' lang='lat' dir='ltr'><strong>Bryo</strong></span> <span class='ocrx_word' id='word_1_149' title='bbox 2018 2583 2148 2623; x_wconf 82' lang='lat' dir='ltr'><strong>car-</strong></span> 
     </span>
     <span class='ocr_line' id='line_1_23' title="bbox 207 2653 2146 2734; baseline 0.002 -18"><span class='ocrx_word' id='word_1_150' title='bbox 207 2677 318 2717; x_wconf 83' lang='lat' dir='ltr'><strong>neo</strong></span> <span class='ocrx_word' id='word_1_151' title='bbox 352 2655 564 2715; x_wconf 90' lang='lat' dir='ltr'><strong>habitu</strong></span> <span class='ocrx_word' id='word_1_152' title='bbox 594 2700 612 2728; x_wconf 96' lang='lat'><strong>,</strong></span> <span class='ocrx_word' id='word_1_153' title='bbox 675 2663 904 2714; x_wconf 89' lang='lat' dir='ltr'><strong>statura</strong></span> <span class='ocrx_word' id='word_1_154' title='bbox 946 2662 1007 2713; x_wconf 89' lang='lat' dir='ltr'><strong>et</strong></span> <span class='ocrx_word' id='word_1_155' title='bbox 1050 2653 1292 2734; x_wconf 83' lang='lat' dir='ltr'><strong>capsula</strong></span> <span class='ocrx_word' id='word_1_156' title='bbox 1335 2655 1797 2733; x_wconf 83' lang='lat' dir='ltr'><strong>abhorrentem,</strong></span> <span class='ocrx_word' id='word_1_157' title='bbox 1839 2668 1909 2718; x_wconf 92' lang='lat' dir='ltr'><strong>ut</strong></span> <span class='ocrx_word' id='word_1_158' title='bbox 1950 2668 2146 2719; x_wconf 88' lang='lat' dir='ltr'><strong>tacea-</strong></span> 
     </span>
    </p>
   </div>
   <div class='ocr_carea' id='block_1_4' title="bbox 206 2750 2262 2832">
    <p class='ocr_par' dir='ltr' id='par_1_10' title="bbox 206 2750 2262 2832">
     <span class='ocr_line' id='line_1_24' title="bbox 206 2750 2262 2832; baseline 0.001 -20"><span class='ocrx_word' id='word_1_159' title='bbox 206 2773 344 2812; x_wconf 89' lang='lat' dir='ltr'><strong>mus</strong></span> <span class='ocrx_word' id='word_1_160' title='bbox 386 2752 463 2812; x_wconf 88' lang='lat' dir='ltr'><strong>de</strong></span> <span class='ocrx_word' id='word_1_161' title='bbox 503 2751 663 2812; x_wconf 86' lang='lat' dir='ltr'><strong>illius</strong></span> <span class='ocrx_word' id='word_1_162' title='bbox 694 2750 1096 2832; x_wconf 87' lang='lat' dir='ltr'><strong>descriptione</strong></span> <span class='ocrx_word' id='word_1_163' title='bbox 1141 2750 1246 2811; x_wconf 90' lang='lat' dir='ltr'><strong>ubi</strong></span> <span class='ocrx_word' id='word_1_164' title='bbox 1289 2751 1434 2812; x_wconf 81' lang='lat' dir='ltr'><strong>folia</strong></span> <span class='ocrx_word' id='word_1_165' title='bbox 1477 2753 1763 2824; x_wconf 84' lang='lat' dir='ltr'><strong>dicuntur</strong></span> <span class='ocrx_word' id='word_1_166' title='bbox 1811 2757 2141 2815; x_wconf 86' lang='lat' dir='ltr'><strong>arctissime</strong></span> <span class='ocrx_word' id='word_1_167' title='bbox 2259 2771 2262 2778; x_wconf 55' lang='lat'><em>¹</em></span> 
     </span>
    </p>
   </div>
   <div class='ocr_carea' id='block_1_5' title="bbox 207 2846 2174 3776">
    <p class='ocr_par' dir='ltr' id='par_1_11' title="bbox 207 2846 2174 3776">
     <span class='ocr_line' id='line_1_25' title="bbox 209 2846 2167 2935; baseline 0.002 -26"><span class='ocrx_word' id='word_1_168' title='bbox 209 2847 545 2922; x_wconf 86' lang='lat' dir='ltr'><strong>imbricata,</strong></span> <span class='ocrx_word' id='word_1_169' title='bbox 585 2858 697 2909; x_wconf 89' lang='lat' dir='ltr'><strong>etc.</strong></span> <span class='ocrx_word' id='word_1_170' title='bbox 741 2846 997 2928; x_wconf 86' lang='lat' dir='ltr'><strong>Insuper</strong></span> <span class='ocrx_word' id='word_1_171' title='bbox 1037 2846 1117 2907; x_wconf 89' lang='lat' dir='ltr'><strong>ad</strong></span> <span class='ocrx_word' id='word_1_172' title='bbox 1159 2851 1509 2910; x_wconf 89' lang='lat' dir='ltr'><strong>varietatem</strong></span> <span class='ocrx_word' id='word_1_173' title='bbox 1553 2854 1612 2928; x_wconf 86' lang='grc' dir='ltr'><strong>β.</strong></span> <span class='ocrx_word' id='word_1_174' title='bbox 1654 2865 2167 2935; x_wconf 74' lang='lat' dir='ltr'><strong>atropmpuream.</strong></span> 
     </span>
     <span class='ocr_line' id='line_1_26' title="bbox 207 2941 2149 3030; baseline 0.002 -26"><span class='ocrx_word' id='word_1_175' title='bbox 207 2942 535 3005; x_wconf 85' lang='lat' dir='ltr'><strong>Wahlenb.</strong></span> <span class='ocrx_word' id='word_1_176' title='bbox 590 2945 837 3006; x_wconf 49' lang='lat' dir='ltr'><strong>reduxit*</strong></span> <span class='ocrx_word' id='word_1_177' title='bbox 889 2941 1124 3027; x_wconf 74' lang='lat' dir='ltr'><strong>Btyum</strong></span> <span class='ocrx_word' id='word_1_178' title='bbox 1184 2945 1406 3005; x_wconf 82' lang='lat' dir='ltr'><strong>bicolor·</strong></span> <span class='ocrx_word' id='word_1_179' title='bbox 1464 2948 1661 3008; x_wconf 78' lang='lat' dir='ltr'><strong>Dicks.</strong></span> <span class='ocrx_word' id='word_1_180' title='bbox 1723 2949 1888 3029; x_wconf 91' lang='lat' dir='ltr'><strong>quod</strong></span> <span class='ocrx_word' id='word_1_181' title='bbox 1961 2951 2149 3030; x_wconf 88' lang='lat' dir='ltr'><strong>perti-</strong></span> 
     </span>
     <span class='ocr_line' id='line_1_27' title="bbox 212 3035 2147 3128; baseline 0.002 -27"><span class='ocrx_word' id='word_1_182' title='bbox 212 3049 316 3101; x_wconf 90' lang='lat' dir='ltr'><strong>net</strong></span> <span class='ocrx_word' id='word_1_183' title='bbox 358 3040 434 3100; x_wconf 86' lang='lat' dir='ltr'><strong>ad</strong></span> <span class='ocrx_word' id='word_1_184' title='bbox 474 3042 548 3101; x_wconf 92' lang='lat' dir='ltr'><strong>B.</strong></span> <span class='ocrx_word' id='word_1_185' title='bbox 575 3035 1004 3122; x_wconf 62' lang='lat' dir='ltr'><strong>&#39;caespiticium3</strong></span> <span class='ocrx_word' id='word_1_186' title='bbox 1047 3040 1379 3124; x_wconf 75' lang='lat' dir='ltr'><strong>etBtyum</strong></span> <span class='ocrx_word' id='word_1_187' title='bbox 1438 3046 1900 3128; x_wconf 62' lang='lat' dir='ltr'><strong>erythros-mpori</strong></span> <span class='ocrx_word' id='word_1_188' title='bbox 1963 3043 2147 3105; x_wconf 88' lang='lat' dir='ltr'><strong>Web.</strong></span> 
     </span>
     <span class='ocr_line' id='line_1_28' title="bbox 212 3132 2139 3221; baseline 0.001 -24"><span class='ocrx_word' id='word_1_189' title='bbox 212 3146 277 3197; x_wconf 86' lang='lat' dir='ltr'><strong>et</strong></span> <span class='ocrx_word' id='word_1_190' title='bbox 305 3136 483 3197; x_wconf 91' lang='lat' dir='ltr'><strong>Mohr</strong></span> <span class='ocrx_word' id='word_1_191' title='bbox 515 3132 683 3219; x_wconf 87' lang='lat' dir='ltr'><strong>quod</strong></span> <span class='ocrx_word' id='word_1_192' title='bbox 723 3137 1084 3218; x_wconf 89' lang='lat' dir='ltr'><strong>ipsissimum</strong></span> <span class='ocrx_word' id='word_1_193' title='bbox 1130 3146 1221 3195; x_wconf 90' lang='lat' dir='ltr'><strong>est</strong></span> <span class='ocrx_word' id='word_1_194' title='bbox 1262 3157 1334 3196; x_wconf 89' lang='lat' dir='ltr'><strong>ac</strong></span> <span class='ocrx_word' id='word_1_195' title='bbox 1373 3137 1527 3199; x_wconf 90' lang='lat' dir='ltr'><strong>illud</strong></span> <span class='ocrx_word' id='word_1_196' title='bbox 1568 3139 1846 3215; x_wconf 90' lang='lat' dir='ltr'><strong>Bridelii,</strong></span> <span class='ocrx_word' id='word_1_197' title='bbox 1887 3145 1979 3201; x_wconf 88' lang='lat' dir='ltr'><strong>uti</strong></span> <span class='ocrx_word' id='word_1_198' title='bbox 2020 3142 2139 3221; x_wconf 86' lang='lat' dir='ltr'><strong>jam</strong></span> 
     </span>
     <span class='ocr_line' id='line_1_29' title="bbox 211 3230 2145 3315; baseline -0.001 -21"><span class='ocrx_word' id='word_1_199' title='bbox 211 3252 396 3315; x_wconf 81' lang='lat' dir='ltr'><strong>supra</strong></span> <span class='ocrx_word' id='word_1_200' title='bbox 436 3235 802 3306; x_wconf 89' lang='lat' dir='ltr'><strong>monuimus,</strong></span> <span class='ocrx_word' id='word_1_201' title='bbox 844 3231 1178 3290; x_wconf 86' lang='lat' dir='ltr'><strong>miserrime</strong></span> <span class='ocrx_word' id='word_1_202' title='bbox 1222 3230 1570 3293; x_wconf 82' lang='lat' dir='ltr'><strong>dilaceravit</strong></span> <span class='ocrx_word' id='word_1_203' title='bbox 1610 3244 1672 3295; x_wconf 89' lang='lat' dir='ltr'><strong>et</strong></span> <span class='ocrx_word' id='word_1_204' title='bbox 1695 3234 1920 3295; x_wconf 81' lang='lat' dir='ltr'><strong>retulit</strong></span> <span class='ocrx_word' id='word_1_205' title='bbox 1954 3234 2031 3294; x_wconf 90' lang='lat' dir='ltr'><strong>ad</strong></span> <span class='ocrx_word' id='word_1_206' title='bbox 2074 3236 2145 3293; x_wconf 90' lang='lat' dir='ltr'><strong>B.</strong></span> 
     </span>
     <span class='ocr_line' id='line_1_30' title="bbox 211 3330 2148 3414; baseline 0.001 -26"><span class='ocrx_word' id='word_1_207' title='bbox 211 3330 665 3414; x_wconf 70' lang='lat' dir='ltr'><strong>erylluvcatpon</strong></span> <span class='ocrx_word' id='word_1_208' title='bbox 707 3347 886 3387; x_wconf 91' lang='lat' dir='ltr'><strong>suum</strong></span> <span class='ocrx_word' id='word_1_209' title='bbox 908 3371 926 3400; x_wconf 91' lang='lat'><strong>,</strong></span> <span class='ocrx_word' id='word_1_210' title='bbox 967 3346 1043 3385; x_wconf 89' lang='lat' dir='ltr'><strong>eo</strong></span> <span class='ocrx_word' id='word_1_211' title='bbox 1085 3335 1360 3408; x_wconf 88' lang='lat' dir='ltr'><strong>tempore</strong></span> <span class='ocrx_word' id='word_1_212' title='bbox 1430 3349 1554 3409; x_wconf 89' lang='lat' dir='ltr'><strong>quo</strong></span> <span class='ocrx_word' id='word_1_213' title='bbox 1598 3332 1960 3404; x_wconf 86' lang='lat' dir='ltr'><strong>synonimon</strong></span> <span class='ocrx_word' id='word_1_214' title='bbox 1993 3331 2148 3390; x_wconf 75' lang='lat' dir='ltr'><strong>,Bri-</strong></span> 
     </span>
     <span class='ocr_line' id='line_1_31' title="bbox 212 3423 2152 3511; baseline -0.001 -25"><span class='ocrx_word' id='word_1_215' title='bbox 212 3423 354 3487; x_wconf 88' lang='lat' dir='ltr'><strong>delii</strong></span> <span class='ocrx_word' id='word_1_216' title='bbox 398 3424 681 3506; x_wconf 88' lang='lat' dir='ltr'><strong>adposuit</strong></span> <span class='ocrx_word' id='word_1_217' title='bbox 721 3425 994 3484; x_wconf 85' lang='lat' dir='ltr'><strong>varietati</strong></span> <span class='ocrx_word' id='word_1_218' title='bbox 1036 3432 1274 3484; x_wconf 84' lang='lat' dir='ltr'><strong>nostrae.</strong></span> <span class='ocrx_word' id='word_1_219' title='bbox 1317 3425 1594 3506; x_wconf 90' lang='lat' dir='ltr'><strong>Denique</strong></span> <span class='ocrx_word' id='word_1_220' title='bbox 1628 3427 1850 3511; x_wconf 75' lang='lat' dir='ltr'><strong>Btyum</strong></span> <span class='ocrx_word' id='word_1_221' title='bbox 1883 3426 2152 3510; x_wconf 84' lang='lat' dir='ltr'><strong>pulchel-</strong></span> 
     </span>
     <span class='ocr_line' id='line_1_32' title="bbox 210 3518 2174 3603; baseline 0.003 -23"><span class='ocrx_word' id='word_1_222' title='bbox 210 3520 335 3580; x_wconf 87' lang='lat' dir='ltr'><strong>lum</strong></span> <span class='ocrx_word' id='word_1_223' title='bbox 360 3519 591 3596; x_wconf 67' lang='lat' dir='ltr'><strong>Hedw„</strong></span> <span class='ocrx_word' id='word_1_224' title='bbox 626 3520 793 3602; x_wconf 91' lang='lat' dir='ltr'><strong>quod</strong></span> <span class='ocrx_word' id='word_1_225' title='bbox 835 3539 975 3581; x_wconf 87' lang='lat' dir='ltr'><strong>cum</strong></span> <span class='ocrx_word' id='word_1_226' title='bbox 1020 3518 1300 3580; x_wconf 90' lang='lat' dir='ltr'><strong>omuibus</strong></span> <span class='ocrx_word' id='word_1_227' title='bbox 1326 3519 1453 3582; x_wconf 83' lang='lat' dir='ltr'><strong>sere</strong></span> <span class='ocrx_word' id='word_1_228' title='bbox 1476 3519 1790 3603; x_wconf 82' lang='lat' dir='ltr'><strong>Bryologis</strong></span> <span class='ocrx_word' id='word_1_229' title='bbox 1838 3543 1974 3582; x_wconf 89' lang='lat' dir='ltr'><strong>cum</strong></span> <span class='ocrx_word' id='word_1_230' title='bbox 2020 3542 2149 3582; x_wconf 86' lang='lat' dir='ltr'><strong>car·</strong></span> <span class='ocrx_word' id='word_1_231' title='bbox 2167 3571 2174 3585; x_wconf 79' lang='grc'><strong><em>,</em></strong></span> 
     </span>
     <span class='ocr_line' id='line_1_33' title="bbox 209 3616 2141 3700; baseline -0.002 -21"><span class='ocrx_word' id='word_1_232' title='bbox 209 3638 322 3679; x_wconf 82' lang='lat' dir='ltr'><strong>neo</strong></span> <span class='ocrx_word' id='word_1_233' title='bbox 364 3618 819 3700; x_wconf 88' lang='lat' dir='ltr'><strong>conjungimus,</strong></span> <span class='ocrx_word' id='word_1_234' title='bbox 884 3616 1232 3675; x_wconf 88' lang='lat' dir='ltr'><strong>distinctum</strong></span> <span class='ocrx_word' id='word_1_235' title='bbox 1274 3616 1468 3678; x_wconf 89' lang='lat' dir='ltr'><strong>voluit</strong></span> <span class='ocrx_word' id='word_1_236' title='bbox 1521 3638 1590 3677; x_wconf 81' lang='lat' dir='ltr'><strong>ex</strong></span> <span class='ocrx_word' id='word_1_237' title='bbox 1633 3616 1762 3678; x_wconf 89' lang='lat' dir='ltr'><strong>sola</strong></span> <span class='ocrx_word' id='word_1_238' title='bbox 1806 3618 2141 3700; x_wconf 84' lang='lat' dir='ltr'><strong>gracilitate</strong></span> 
     </span>
     <span class='ocr_line' id='line_1_34' title="bbox 214 3708 1230 3776; baseline -0.001 -4"><span class='ocrx_word' id='word_1_239' title='bbox 214 3712 399 3774; x_wconf 85' lang='lat' dir='ltr'><strong>caulis</strong></span> <span class='ocrx_word' id='word_1_240' title='bbox 443 3723 502 3773; x_wconf 89' lang='lat' dir='ltr'><strong>et</strong></span> <span class='ocrx_word' id='word_1_241' title='bbox 544 3712 876 3776; x_wconf 85' lang='lat' dir='ltr'><strong>directione</strong></span> <span class='ocrx_word' id='word_1_242' title='bbox 919 3708 1230 3772; x_wconf 84' lang='lat' dir='ltr'><strong>foliorum.</strong></span> 
     </span>
    </p>
   </div>
  </div>
 </body>
</html>
