2917 5052
866 363 905 425 6

793 381 1005 537 ¹1Dill.
1047 476 1172 535 hist.
1215 491 1390 531 muse.
1427 493 1491 553 p.
1537 467 1676 543 382,
1717 469 1831 530 tab.
1877 467 1977 544 48,
2005 464 2115 547 fig.
2137 462 2257 541 46.

860 572 954 633 Ad
996 587 1202 631 muros
1242 580 1304 631 et
1346 566 1423 628 ad
1464 576 1685 627 terram
1729 568 1791 626 in
1834 565 2158 625 umbrosis,
2342 641 2349 646 .

862 667 1063 730 Cauiis
1105 663 1499 728 semiuncialis
1553 663 1915 744 fastigiatus.
1937 660 2086 720 Seta
2146 668 2398 743 propter
2454 664 2706 720 innova·

781 769 973 827 tiones
1015 784 1168 845 saepe
1210 760 1505 835 lateralis,
1554 759 1701 821 folia
1752 757 1994 818 madida
2049 776 2302 819 recurvo
2345 777 2703 837 squarrosa,

780 864 956 924 sicca
987 859 1273 922 obvoluta
1338 858 1584 932 stricta,
1649 853 1918 937 calyptra
1973 854 2276 914 rufescens
2342 853 2418 913 ad
2457 855 2703 913 tertiam

779 966 1015 1040 partem
1055 951 1209 1014 fissa.

859 1051 1161 1113 Nescimus
1216 1031 1524 1128 quomodo
1564 1047 1814 1106 Martius
1855 1048 1917 1105 in
1956 1044 2143 1104 Flora
2193 1015 2549 1124 Erlangensi
2605 1044 2703 1104 ad-

778 1157 1025 1210 moneat
1056 1147 1388 1218 Tironem,
1442 1165 1519 1204 ne
1570 1140 1876 1204 Tortulam
1905 1141 2194 1224 fallacem
2257 1160 2394 1201 cum
2457 1141 2706 1202 Taruda

780 1245 1150 1326 anguiculum
1191 1241 1533 1314 confimdat,
1574 1260 1716 1300 nam
1759 1255 2143 1320 summopere
2184 1219 2499 1297 differunt·
2530 1237 2704 1297 Folia

773 1342 839 1400 in
889 1340 1129 1402 Tor-cula
1171 1337 1542 1417 anguiculum
1583 1345 1722 1395 sunt
1765 1333 1982 1394 obtusa
2039 1332 2459 1418 mucronulata
2482 1378 2502 1407 ,
2559 1333 2700 1393 dum

773 1439 839 1496 in
889 1436 1130 1496 Tortula
1151 1434 1370 1515 fallaci
1408 1441 1546 1492 sunt
1587 1430 2198 1491 lanceolam-linearia
2258 1431 2600 1506 acuminata
2644 1439 2702 1490 et

775 1532 922 1593 dum
965 1531 1206 1591 madida
1247 1548 1569 1609 squarrosa
1624 1526 2018 1589 observantur
2042 1573 2061 1604 ,
2114 1525 2280 1609 quod
2330 1530 2395 1587 in
2459 1528 2704 1591 TortuIa

775 1628 1146 1707 {ingeniculata
1184 1644 1494 1704 nunquam
1536 1622 1765 1684 accidit.

1081 1775 1090 1776 ἶ
1418 1816 1477 1893 4.
1520 1817 1783 1878 Torruu
1823 1837 2064 1878 auctus.

860 2006 936 2069 Τ.
978 2003 1163 2068 Caule
1206 2006 1568 2090 subsimplici
1587 2053 1606 2083 ,
1658 2007 1815 2069 foliis
1875 2009 2425 2068 ovato-acuminatis
2486 2012 2696 2070 erectis

776 2104 983 2185 rigidis
1024 2107 1283 2166 siccitate
1327 2107 1574 2181 strictis,
1616 2103 1858 2188 capsula
1900 2102 2369 2186 oblongo-ovata
2391 2150 2410 2181 ,
2451 2126 2699 2189 opercu-

774 2196 840 2259 lo
885 2202 1112 2260 conico.
1183 2213 1184 2216 ’
1233 2216 1244 2228 ·

749 2365 762 2378 ·
858 2296 1114 2355 Tortula
1156 2294 1407 2377 gracilis.
1453 2291 1652 2356 Hook.
1688 2308 1745 2355 et
1776 2292 1978 2356 Grew.
2023 2295 2083 2354 in
2126 2292 2445 2375 Edinburg.
2491 2296 2692 2373 soum.

772 2386 849 2472 os
869 2413 946 2451 sc.
972 2412 1038 2473 p.
1083 2393 1219 2452 3oo.
1261 2392 1409 2452 Am.
1452 2391 1601 2476 disp.
1637 2392 1808 2454 meth.
1843 2414 1908 2473 p.
1967 2388 2102 2472 287.
2161 2387 2365 2453 Hook.
2420 2405 2479 2454 et
2524 2394 2691 2478 Tayl.

773 2508 950 2548 muse.
992 2488 1116 2549 brit.
1156 2508 1220 2573 p.
1261 2487 1364 2563 61,
1404 2488 1593 2572 suppl.
1637 2488 1749 2549 tab.
1783 2485 1837 2548 2.
1881 2488 2044 2549 Fior.
2085 2487 2286 2554 Mazz.
2321 2487 2507 2574 bryol.
2550 2510 2691 2550 rom.

766 2605 830 2666 p.
883 2604 971 2644 10.
1018 2583 1175 2643 Dub.
1216 2585 1326 2645 bot.
1365 2585 1505 2664 gall.
1540 2604 1604 2667 p.
1646 2583 1810 2645 5665

763 2704 766 2707 ¹
853 2677 1111 2738 Barbula
1154 2678 1402 2761 gracilis,
1436 2680 1750 2760 Schwoegr.
1778 2681 1969 2764 suppl.
2003 2701 2053 2756 1,
2089 2701 2141 2756 1,
2174 2699 2239 2764 p.
2277 2679 2414 2756 125,
2452 2683 2563 2743 tab.
2597 2683 2692 2759 34.

774 2773 938 2835 Bn'd.
972 2775 1141 2834 meth.
1178 2797 1242 2856 p.
1287 2772 1385 2856 89.

856 2874 925 2931 In
966 2873 1193 2930 maeniis
1234 2869 1419 2930 urbis.

857 2963 1059 3025 Cauiis
1101 2966 1463 3047 quandoque
1505 2986 1576 3029 ex
1615 2968 2097 3029 innovationibus
2154 2987 2426 3031 ramosus
2449 3015 2466 3043 ,
2509 2967 2699 3029 lineas

773 3080 874 3121 sex
915 3070 1020 3119 aut
1054 3071 1190 3121 octo
1234 3061 1404 3123 altus.
1425 3063 1599 3124 Folia
1632 3065 1917 3124 inferiora
1958 3074 2191 3131 remota
2233 3067 2545 3145 superiora
2597 3066 2702 3128 ad-

771 3159 1120 3240 proximata.
1166 3159 1307 3219 Seta
1348 3162 1407 3220 in
1443 3161 1865 3243 speciminibus
1900 3165 2117 3221 nostris
2148 3161 2534 3223 solummodo
2570 3174 2700 3225 tres

770 3263 876 3313 aut
916 3263 1176 3333 quatuor
1210 3255 1394 3315 lineas
1435 3255 1632 3339 longa.
1654 3257 2011 3318 Peristomii
2056 3257 2264 3317 dentes
2306 3257 2493 3317 rubri.

849 3353 1073 3432 Figura
1095 3353 1271 3412 citata
1287 3353 1800 3435 Schwaegrichenii
1830 3355 1984 3429 bene
2015 3356 2307 3428 convenit,
2332 3374 2452 3413 non
2488 3336 2704 3436 quoad

768 3446 1037 3507 colorem
1079 3448 1287 3509 dentes
1329 3452 1677 3530 peristomii.
1705 3449 1886 3512 Web.
1920 3460 1981 3512 et
2008 3450 2186 3511 Mohr
2227 3451 2532 3511 Tor-talam
2559 3472 2704 3531 gra-

770 3545 935 3602 cilem
971 3565 1116 3604 cum
1167 3546 1411 3606 Torcula
1432 3545 1656 3625 fallaci
1694 3551 2099 3631 conjungunt,
2150 3568 2259 3608 nos
2303 3550 2564 3630 speciem
2614 3549 2705 3608 di-

771 3641 1045 3700 stinctam
1104 3644 1458 3710 retinuimus
1522 3647 1874 3708 auctoritate
1934 3647 2117 3707 innixi
2159 3646 2490 3707 Auctorum
2548 3645 2701 3705 cita-

772 3745 991 3797 torum.
