2917 5052
592 287 706 332 loo

655 377 941 460 Hypnum
987 375 1177 438 fallax.
1224 376 1394 438 Bridl
1420 378 1657 439 nau-scol.
1696 398 1753 454 2,
1783 399 1845 453 2,
1863 398 1931 463 p.
1959 375 2062 453 66,
2090 376 2202 439 tab.
2236 398 2294 453 2,
2318 377 2426 460 fig.
2464 398 2527 441 ι.

585 473 768 534 Mem.
813 494 990 534 muse.
1029 495 1095 555 p.
1154 467 1286 536 181.

658 568 940 651 Hypnum
986 571 1267 653 Seligeri,
1307 570 1732 646 Vallisclausae,
1771 569 2079 644 lanatum,
2121 566 2520 650 gracilescens

575 675 637 725 et
679 666 986 730 diffusum.
1032 668 1194 730 Bn'd.
1235 671 1405 729 mech.
1440 690 1506 752 p.
1560 666 1693 742 181,
1745 666 2060 748 182,177,
2116 663 2249 746 178.

655 760 938 843 Hypnum
984 775 1439 824 commutatum.
1489 761 1773 830 Schleich.
1807 777 1994 850 crypt.
2023 763 2168 825 helv.
2211 762 2420 823 exsicc-

571 880 575 884 *
655 860 797 920 Dtssll
841 862 968 924 hist.
1011 881 1189 921 muse.
1234 862 1344 924 tab.
1384 861 1490 936 36,
1512 860 1623 944 fig.
1676 883 1769 946 19.
1807 858 1992 929 Vaill.
2023 860 2134 923 bot.
2168 861 2353 944 pan'S.
2389 860 2504 922 tab.

574 978 676 1042 29,
700 956 811 1040 fis·
855 980 913 1042 9·

651 1057 718 1114 In
749 1055 895 1115 locis
938 1054 1200 1115 humidis
1242 1055 1321 1116 ad
1361 1055 1547 1137 pedes
1588 1052 2183 1138 propugnaculorum
2217 1053 2404 1127 urbis,
2420 1052 2506 1112 ad

570 1169 708 1208 saxa
750 1149 1105 1224 rivulorum,
1146 1150 1225 1211 ad
1265 1154 1526 1234 parietes
1568 1149 1854 1211 lateritias
1896 1158 1960 1211 et
2000 1147 2266 1231 lapideas
2307 1166 2503 1229 aquae-

567 1245 880 1320 ductuum,
921 1246 999 1306 ad
1041 1269 1222 1331 rupes
1265 1247 1537 1308 madidas
1579 1258 1642 1308 et
1680 1246 1760 1307 ad
1803 1265 1941 1306 saxa
1982 1248 2043 1305 in
2087 1245 2259 1326 aquis
2312 1240 2502 1305 fluen-

567 1340 728 1401 tibus
769 1345 960 1423 puris,
1001 1352 1147 1419 etc.,
1181 1343 1444 1426 vulgare.

645 1438 847 1498 Caulis
890 1439 1214 1500 ascendens
1252 1440 1343 1500 vel
1387 1438 1753 1499 decumbens
1787 1437 1864 1497 ab
1900 1439 2076 1496 uncia
2100 1456 2222 1495 una
2251 1434 2333 1496 ad
2374 1443 2495 1494 tres
2541 1431 2547 1440 ’

562 1546 898 1616 quatuorve
942 1546 1282 1617 protensus,
1315 1556 1386 1595 ex
1418 1533 1705 1595 foliorum
1750 1532 1938 1594 axillis
1969 1531 2264 1593 radiculas
2305 1530 2494 1591 ferru-

558 1635 762 1713 gineas
805 1635 1106 1705 emittens,
1146 1633 1429 1712 pinnatus
1473 1630 1568 1690 vel
1611 1650 1759 1712 vage
1803 1648 2078 1689 ramosus
2129 1625 2489 1708 quandoque

560 1725 963 1809 subsimplex,
1005 1724 1444 1807 rigidiusculuS.
1487 1725 1661 1785 Folia
1715 1723 1950 1785 caulina
1994 1723 2489 1804 erecto—patentia

554 1820 676 1882 late
706 1824 1203 1903 ovato-triquetra
1226 1824 1583 1897 acuminata,
1625 1842 1835 1903 opaca,
1866 1820 2235 1893 latescentia,
2278 1817 2487 1878 viridia

554 1916 650 1978 vel
696 1917 914 1992 lurida,
955 1938 1161 1980 ramea
1204 1917 1745 1978 ovato-lanceolata
1787 1913 2315 1989 falcato-secunda,
2356 1933 2485 1972 om-

552 2018 654 2074 nia
695 2035 881 2074 nervo
923 2024 1272 2075 excurrente
1314 2017 1625 2089 instructa,
1646 2013 1783 2095 plus
1810 2012 1906 2074 vel
1936 2015 2132 2072 minus
2175 2009 2482 2071 evidenter

553 2120 821 2183 serrata,
866 2110 1291 2194 perichaetialia
1345 2109 1901 2193 albo-pallescentia
1958 2105 2483 2188 oblongo-lanceo-

437 2227 440 2230 ·
548 2205 687 2267 lata.
712 2207 854 2268 Seta
885 2209 1118 2269 unciam
1163 2228 1347 2267 unam
1381 2205 1763 2289 longitudine·
1783 2225 2090 2286 superans,
2112 2202 2292 2277 laevis,
2320 2211 2483 2260 atro·

546 2323 894 2386 purpurea,
936 2305 1148 2388 rigida.
1191 2302 1451 2386 Capsula
1495 2301 1607 2363 sub
1652 2321 1758 2362 ore
1812 2303 2129 2361 constricta
2150 2345 2169 2374 ,
2232 2299 2477 2358 maturi-

543 2408 668 2459 tate
710 2400 897 2459 fusca.

627 2494 871 2577 Species
914 2514 1054 2556 vere
1095 2491 1507 2576 polymorpha
1555 2512 1591 2552 a
1630 2489 1893 2553 Bridelio
1953 2491 2288 2574 praeprimis
2331 2491 2471 2551 insi-

540 2592 739 2672 gniter
779 2599 991 2651 vexata
1013 2634 1031 2665 ,
1074 2599 1135 2650 et
1176 2591 1239 2648 in
1279 2588 1488 2672 plures
1532 2587 1718 2649 divisa
1768 2586 1929 2648 unde
1972 2596 2063 2648 tot
2103 2585 2334 2649 inutilia
2376 2607 2473 2663 sy·

538 2704 804 2746 nomma.

620 2779 916 2867 Hypnum
939 2780 1255 2862 fluviatile.
1299 2782 1509 2845 Hedw.
1551 2782 1673 2844 huc
1713 2792 1873 2844 certe
1916 2790 2177 2865 spectat3
2206 2801 2346 2840 nam
2369 2777 2473 2839 ha·

534 2876 752 2939 bemus
793 2879 1103 2941 individua
1145 2881 1451 2940 fructifera
1495 2878 1651 2940 lecta
1690 2882 1752 2940 in
1795 2883 1965 2960 aquis
2002 2876 2327 2939 fluentibus
2359 2897 2471 2958 pu·

535 2972 801 3033 rioribus
846 2994 980 3055 quae
1015 2996 1153 3035 cum
1200 2976 1380 3037 Icone
1413 2975 1802 3057 Hedwigiana
1844 2974 1921 3034 ad
1944 2984 2223 3056 'unguem
2262 2992 2470 3031 conve-

530 3068 705 3127 niunt
727 3113 746 3142 ,
785 3079 850 3129 et
889 3067 1018 3132 haec
1058 3071 1136 3132 ab
1177 3069 1268 3134 H.
1297 3070 1528 3154 filicino
1562 3070 1926 3152 distinguere
1956 3089 2079 3129 non
2112 3088 2450 3150 possumus,

530 3166 804 3243 quamvis
846 3165 1061 3227 habitu
1099 3189 1347 3251 prorsus
1381 3166 1617 3228 diverso
1661 3164 1961 3247 gaudeant
2000 3185 2071 3225 ex
2112 3164 2451 3225 conforma-

527 3260 689 3322 tione
732 3262 916 3324 caulis
958 3263 1085 3325 fere
1127 3265 1546 3348 subsimpliciS,
1587 3263 1867 3344 elongati.

602 3355 887 3439 Reliquas
958 3365 1186 3443 species
1228 3361 1470 3423 Bridelii
1525 3361 1647 3421 huc
1706 3380 1950 3441 quoque
2002 3368 2272 3442 spectare
2336 3359 2455 3440 jam

520 3453 640 3533 jam
684 3456 813 3536 ipse
857 3468 1069 3519 auctor
1110 3479 1284 3519 more
1327 3478 1438 3519 suo
1495 3456 1805 3528 concedit3
1845 3466 1935 3518 et
1949 3476 2159 3517 revera
2220 3452 2333 3514 sub
2377 3448 2461 3515 H

519 3546 719 3608 lanato
765 3549 908 3611 dicit
956 3579 991 3606 κ
1031 3554 1189 3615 forte
1233 3574 1402 3614 mera
1445 3550 1652 3613 filicini
1694 3554 1950 3613 varietas
1990 3578 2027 3606 υ
2076 3545 2293 3611 subH.
2323 3568 2457 3630 gra-

517 3644 817 3706 ciles-cente
864 3673 899 3700 κ
941 3649 1265 3710 commode
1301 3671 1439 3710 cum
1478 3649 1852 3733 praecedente
1883 3650 2161 3733 conjungi
2189 3657 2390 3731 potest
2420 3673 2456 3700 n

517 3741 633 3800 sub
662 3741 890 3828 Hypno
932 3744 1178 3829 dffuso
1198 3771 1233 3799 κ
1277 3748 1419 3806 satis
1464 3749 1520 3809 ei
1563 3746 1755 3808 simile
1796 3773 1832 3802 n
1866 3756 1929 3808 et
1971 3745 2174 3857 quoad
2208 3740 2301 3807 H.
2317 3741 2449 3825 sal·

515 3828 650 3912 lux,
680 3840 955 3923 setigeri,
995 3851 1060 3905 et
1072 3840 1460 3924 fluviatileae
1501 3841 1876 3923 characteres
1919 3844 2213 3927 genuinos
2257 3841 2454 3922 speci·
