2917 5052
867 484 978 548 108

856 598 1102 658 veniunt
1142 598 1254 656 nisi
1299 596 1554 677 excipias
1590 600 1900 663 staturam,
1922 608 2055 670 quae
2089 591 2150 648 in
2184 596 2394 650 nostro
2429 584 2633 669 duplo
2677 606 2784 646 ma·
2884 581 2885 618 Ὗ

855 692 1047 772 iorem
1090 710 1271 772 quam
1315 693 1379 780 in
1421 686 1681 769 Anglicis
1725 684 2166 768 speciminibus.
2214 739 2218 744 .

1435 879 1532 958 54.
1576 880 1798 941 Ηιιιωιι
1844 897 2201 939 mensu-run.

934 1075 1009 1137 H.
1052 1074 1237 1137 Caule
1279 1083 1529 1157 repente
1571 1072 1889 1132 confertim
1932 1089 2173 1131 ramoso
2207 1071 2390 1130 ramis
2432 1069 2611 1153 ‘apice
2657 1087 2780 1129 cur·

852 1175 1035 1247 vatis,
1075 1172 1232 1233 foliis
1275 1170 1418 1232 laxis
1462 1167 1736 1230 secundis
1778 1164 2428 1227 lanceolato—subuIatis
2478 1169 2778 1229 acumina·
2884 1207 2885 1210 ,

853 1274 928 1332 tis
968 1274 1213 1355 integris
1253 1271 1453 1332 nervis
1497 1264 1736 1327 duobus
1770 1261 2056 1324 brevibus
2091 1262 2500 1343 obsoletisque
2532 1262 2715 1323 basi·
2699 1284 2780 1323 m-

852 1365 1110 1444 structis,
1154 1365 1398 1449 capsula
1439 1372 1617 1426 ovata
1659 1380 1924 1433 cernua,
1968 1357 2257 1440 operculo
2299 1360 2512 1470 conico
2556 1361 2773 1419 acumi-

848 1475 993 1526 nato
1035 1464 1223 1525 brevi.

930 1560 1217 1642 Hypnum
1271 1560 1667 1617 incurvatum.
1732 1550 1982 1613 Schrad.
2038 1564 2222 1635 crypt.
2275 1552 2491 1612 exsicc.
2559 1573 2620 1612 ιι.
2684 1547 2771 1611 80.

845 1658 1161 1736 Schwaegr
1205 1654 1395 1738 suppl.
1449 1676 1519 1727 ι,
1564 1672 1638 1725 2,
1671 1671 1735 1732 p.
1781 1646 1942 1724 285,
1983 1648 2095 1709 tab.
2152 1646 2251 1729 94.
2293 1645 2461 1712 Bn'd.
2503 1648 2682 1708 mech.
2715 1666 2773 1729 p.
2884 1681 2885 1698 2

855 1752 987 1835 169.
1023 1744 1199 1812 Web.
1236 1763 1299 1810 et
1329 1748 1518 1809 Mohr
1554 1746 1665 1807 bot.
1710 1746 1886 1806 tasch.
1923 1765 1987 1827 p.
2032 1743 2171 1819 342.
2199 1742 2354 1803 Dub.
2389 1743 2503 1803 bot.
2544 1741 2686 1821 gall.
2713 1761 2770 1824 p.
2884 1817 2885 1820 Ἴ

845 1844 966 1907 562
1009 1846 1222 1906 Pollia.
1240 1839 1327 1927 fl.
1373 1863 1568 1903 veron.
1614 1842 1672 1914 3,
1705 1855 1769 1922 p.
1816 1838 1952 1900 353.
2884 1863 2885 1888 ;

921 1940 1201 2022 Hypnum
1239 1957 1554 1997 amaenum.
1574 1931 1804 1998 Hedw.
1834 1956 1924 2017 sp.
1947 1956 2013 2018 p.
2039 1954 2179 2017 292,
2200 1931 2312 1994 tab.
2333 1893 2439 2014 67,
2461 1930 2566 2013 fig.
2588 1931 2769 2013 6-9

848 2032 1022 2096 Brid.
1064 2036 1233 2096 mech.
1271 2055 1337 2117 p.
1391 2031 1523 2093 180.

929 2132 1212 2215 Hypnum
1258 2130 1588 2191 leskioides.
1632 2129 1796 2190 Brid.
1838 2149 1989 2213 spec.
2030 2149 2209 2189 muse.
2255 2149 2337 2203 a,
2368 2147 2433 2212 p.
2486 2150 2618 2211 ¹77·

927 2227 997 2292 Ῑιι
1037 2225 1347 2287 montibus
1409 2245 1594 2308 supra
1633 2224 1798 2284 Erba
1839 2224 1918 2283 ad
1956 2244 2135 2300 saxa,
2176 2233 2238 2284 et
2278 2222 2357 2284 ad
2396 2232 2648 2285 truncos
2715 2225 2772 2283 in

847 2321 1026 2398 sylvis
1067 2321 1299 2391 collinis
1340 2341 1535 2404 prope
1568 2318 2035 2391 Sesto-Calende.

928 2417 1166 2479 Surculi
1207 2427 1487 2500 repentes
1530 2418 1593 2477 in
1627 2418 1894 2497 caespites
1935 2419 2142 2477 uncias
2183 2415 2332 2477 duas
2374 2426 2573 2478 tresve
2617 2416 2771 2480 latos
2884 2429 2885 2432 ’

844 2518 1111 2597 expansi,
1152 2517 1305 2576 rami
1346 2513 1561 2575 breves
1604 2512 1857 2574 conferti
1900 2514 2144 2574 curvatI.
2178 2512 2350 2574 Folia
2386 2512 2517 2576 laete
2560 2515 2774 2577 viridia

843 2610 940 2670 vel
973 2601 1332 2672 'latescentia
1372 2629 1577 2682 aurea,
1618 2607 2102 2684 concaviuscula,
2144 2618 2272 2670 seta
2313 2612 2555 2669 unciam
2599 2610 2772 2670 dimi-

842 2705 1007 2768 diam
1048 2709 1144 2767 vix
1186 2725 1447 2786 aequanS,
1494 2703 1688 2779 laevis,
1730 2724 2041 2788 purpurea
2061 2750 2080 2781 ,
2122 2704 2366 2789 capsula
2407 2715 2588 2767 ovata
2629 2707 2773 2767 ruti-

840 2801 995 2879 lans,
1023 2800 1389 2886 ¹operculum
1432 2801 1639 2862 breve.

925 2897 1149 2960 Colore
1189 2899 1365 2958 viridi
1409 2897 1504 2958 vel
1548 2897 1899 2972 lutescente‚
1941 2898 2111 2959 caule
2152 2901 2457 2981 ramisque
2500 2920 2671 2961 nunc
2697 2902 2772 2960 ri·

844 2995 1188 3079 gidiusculis
1228 3016 1390 3056 nunc
1427 2992 1690 3056 flaccidis
1718 2995 1847 3057 haec
1876 2996 2102 3077 species
2133 2995 2309 3070 ludit,
2340 2995 2614 3078 reliquos
2635 2996 2774 3058 cha·

841 3101 1103 3153 meteres
1139 3113 1385 3174 semper
1427 3101 1767 3152 constantes
1811 3090 2277 3172 pbservavimus.

924 3188 1108 3250 Web.
1151 3200 1213 3249 et
1252 3188 1435 3250 Mohr
1467 3187 1821 3270 operculum
1852 3191 2494 3250 comeo-acuminatum
2533 3211 2652 3254 seu
2680 3212 2775 3254 ro·-

843 3294 1095 3345 stratum
1123 3284 1353 3346 dicunt
1395 3283 1560 3364 quod
1588 3305 1624 3344 e
1656 3292 1864 3345 contra
1905 3283 2170 3346 breviter
2209 3288 2420 3347 comico
2465 3292 2777 3351 acumina·

840 3390 970 3440 tum
1014 3380 1189 3441 nobis
1227 3400 1471 3461 semper
1513 3379 1792 3439 occurrit.
2511 3404 2516 3410 ·

922 3478 1076 3537 Sunt
1116 3478 1220 3557 qui
1265 3485 1584 3536 autumant
1604 3471 1907 3560 Hypnum
1935 3479 2297 3540 incurvatum
2329 3477 2413 3539 nil
2436 3477 2608 3540 aliud
2647 3500 2777 3541 esse
2884 3476 2885 3529 ἰ

838 3576 951 3635 nisi
1008 3575 1360 3633 varietatem
1413 3571 1804 3653 praecedentis
1828 3621 1846 3650 ,
1893 3586 1985 3635 ast
2040 3578 2313 3657 quamvis
2380 3578 2782 3638 varietatibus
2884 3608 2885 3615 κ

838 3671 965 3752 eius
1006 3667 1345 3729 minoribus
1379 3668 1648 3744 accedat,
1670 3670 2033 3733 sufficienter
2061 3671 2405 3753 distinctum
2434 3683 2751 3754 putamus.

836 3765 968 3826 Huc
1008 3765 1164 3825 forte
1207 3775 1436 3846 spectat
1476 3762 1772 3851 Hypnum
1803 3769 2086 3831 Swartzii
2122 3769 2279 3833 Brid.
2298 3815 2316 3844 ,
2359 3772 2483 3830 sive
2525 3769 2600 3829 L.
2640 3771 2779 3852 plu-
2814 3806 2817 3809 -

837 3859 1004 3922 mosa
1045 3862 1316 3923 Swartzii
1350 3909 1368 3937 ‚
1429 3863 1595 3944 quod
1637 3864 2208 3947 Schwaegrichenius
2248 3868 2405 3926 inter
2447 3869 2777 3940 synonima
2884 3932 2885 3965 ἐ

835 3954 926 4022 Η.
962 3959 1221 4042 plumosi
1248 3971 1577 4022 enumerat.
1621 3961 1708 4023 cf.
1743 3961 1870 4022 obs.
1916 3961 2028 4023 sub
2064 3957 2292 4046 Hypno
2326 3954 2637 4044 plumoso,
2740 4013 2747 4019 .
