2917 5052
2102 446 2174 506 31

330 541 475 602 Diu.
517 542 646 601 hist.
691 560 867 600 muse.
913 538 1025 602 aab·
1063 538 1168 613 52,
1194 538 1306 622 fig.
1352 541 1446 622 75.
1486 543 1662 604 Vaill.
1696 546 1806 625 bot.
1842 551 2027 631 pan's.
2071 553 2184 614 tab.

248 638 350 715 26,
373 638 484 720 fig.
538 635 628 698 16.
1631 698 1637 703 .

326 740 384 813 β.
426 756 603 796 nana.
916 804 924 809 ,
1315 798 1322 804 .

319 832 586 893 Funaria
626 830 1019 913 hygrometra
1059 851 1183 893 var.
1226 852 1403 894 nana.
1447 833 1757 918 Montagn.
1789 837 1856 898 in
1883 838 2067 901 Arch.
2108 840 2185 902 dc

241 928 372 988 Boc.
413 926 472 1003 I,
507 948 572 1009 p.
626 929 757 998 130,
800 929 914 988 tab.
957 928 1019 1003 4,
1046 927 1158 1009 fig.
1205 948 1259 988 2.
1749 957 1756 963 ·

323 1023 418 1084 Ad
462 1026 758 1105 margines
821 1024 1121 1084 fossarum
1165 1033 1226 1084 et
1269 1046 1557 1107 agrorum
1583 1074 1601 1102 ,
1659 1032 1721 1089 in
1764 1033 1958 1092 muris
2010 1036 2184 1094 tectis

239 1121 504 1200 passim:
567 1122 823 1189 varietas
863 1119 1041 1179 nobis
1083 1123 1347 1181 occurrit
1387 1122 1450 1181 in
1494 1128 1683 1185 muris
1726 1125 1957 1209 Oppidi
2000 1138 2064 1190 et
2103 1130 2185 1191 ad

243 1232 397 1272 oras·
427 1213 729 1290 sylvarum
775 1217 967 1276 Ticini
1013 1235 1199 1296 supra
1240 1218 1512 1278 Ber-nate.

326 1310 484 1371 Tota
528 1311 731 1393 planta
774 1315 1012 1373 unciam
1056 1333 1241 1372 unam
1287 1322 1350 1373 et
1378 1313 1689 1375 dimidiam
1732 1317 2046 1383 altitudine
2087 1343 2184 1384 su-

239 1416 432 1486 perat.
472 1408 649 1468 Folia
691 1429 954 1469 concava
1018 1411 1399 1470 conniventia
1448 1410 1776 1474 balbinum
1841 1417 2184 1482 simulantia

236 1502 461 1584 pallide
503 1506 733 1566 viridia.
777 1505 921 1568 Seta
961 1527 1096 1586 quae
1138 1516 1277 1567 ante
1338 1512 1752 1570 maturitatem
1807 1524 2053 1574 arcuata
2093 1526 2185 1576 est

238 1599 302 1658 in
341 1611 657 1682 posterum
700 1604 966 1684 erigitur.
1008 1602 1273 1686 Capsula
1314 1604 1502 1666 rutilo
1558 1606 1766 1670 colore
1808 1612 1997 1673 tincta
2037 1635 2182 1696 pro·

236 1696 424 1755 funde
467 1697 711 1765 sulcata.

319 1791 595 1853 Varietas
633 1804 855 1875 praeter
895 1794 1299 1857 dimensiones
1343 1797 1534 1881 duplo
1578 1803 1844 1864 minores
1885 1805 2183 1889 dignosci-

236 1898 340 1947 tur
380 1909 453 1948 ex
493 1891 780 1971 operculo
822 1913 1087 1953 convexo
1130 1895 1578 1957 mucronulat0.

319 1984 408 2043 Cl.
451 1987 773 2070 Montagne
814 1992 1168 2051 varietatem
1209 2013 1382 2052 suam
1417 2014 1455 2053 a
1498 1998 1697 2076 specie
1741 2018 2024 2081 separare
2065 2024 2177 2064 no-

235 2079 350 2140 luit
389 2091 452 2141 et
492 2103 604 2141 nos
647 2106 892 2166 quoque
948 2091 1256 2148 sententiae
1321 2088 1486 2149 docti
1539 2092 1808 2154 Botanici
1851 2098 2175 2161 subscribi·-

237 2196 393 2251 mus,
435 2181 657 2237 etenim
692 2190 939 2262 excepta
981 2182 1251 2262 operculi
1293 2183 1495 2242 forma
1523 2185 1757 2266 reliqua
1791 2203 1995 2253 exacte
2037 2216 2180 2256 con-

237 2275 501 2332 veniunt.
544 2274 652 2335 llle
700 2295 849 2333 vero
906 2275 1020 2332 sihi
1086 2277 1484 2347 contradicit;
1526 2289 1588 2338 et
1629 2291 1821 2341 setam
1886 2307 2069 2365 quam
2111 2294 2178 2350 in

235 2369 409 2427 icone
435 2414 454 2443 ,
496 2366 909 2446 magnitudine
951 2378 1189 2428 auctam
1234 2380 1298 2430 et
1337 2372 1649 2433 evidenter
1688 2388 2031 2441 contortam
2072 2404 2181 2443 rae·

231 2465 619 2543 presentavit,
651 2464 714 2520 in
739 2461 1141 2545 descriptione
1182 2487 1317 2526 eam
1359 2471 1641 2550 primitus
1683 2493 1902 2554 parum
1939 2488 2179 2542 contor-

232 2568 379 2633 tam,
410 2556 596 2639 paulo
637 2568 852 2639 postea
893 2572 1122 2621 rectam
1162 2584 1277 2624 nec
1319 2574 1664 2628 contortam
1707 2570 1990 2636 declarat.

313 2654 591 2714 Linnaeus
634 2657 697 2714 in
734 2656 922 2716 Flora
985 2657 1235 2721 Suecica
1298 2660 1485 2724 dicit:
1535 2691 1571 2718 cc
1601 2665 1792 2749 Hujus
1847 2672 2175 2751 pedunculi

236 2775 274 2803 ee
314 2741 546 2810 exsucci
568 2750 1029 2833 hygrometrum
1071 2756 1363 2837 praebent,
1397 2762 1445 2819 si
1478 2760 1699 2842 digitus
1731 2763 2019 2829 humidus
2062 2759 2198 2831 du-.

238 2872 275 2900 a
314 2858 487 2907 catur
527 2869 640 2930 per
681 2861 872 2910 setam
915 2872 951 2910 a
991 2849 1122 2912 basi
1166 2853 1245 2914 ad
1286 2855 1606 2918 dimidium
1661 2858 1992 2925 reflectitur
2029 2866 2173 2930 hinc

238 2968 274 2996 a
316 2943 560 3026 capsula
582 2992 600 3020 ‚
642 2949 691 3006 si
733 2967 880 3007 vero
921 2947 1003 3008 ab
1046 2949 1298 3012 anthera
1343 2953 1601 3016 ducatur
1640 2958 1720 3019 ad
1759 2962 2034 3023 medium
2074 2985 2170 3026 re-

237 3065 275 3093 a
316 3050 635 3123 torquetur
677 3044 889 3104 eadem
932 3072 992 3104 n.
1048 3048 1238 3123 Quod
1280 3054 1760 3133 experimentum
1801 3060 1977 3121 facile
2019 3083 2148 3125 unu

233 3140 519 3223 squisque
560 3141 964 3224 comprobare
1004 3154 1222 3226 potest.

814 3354 868 3395 2.
902 3334 1141 3396 Fun-mi
1181 3341 1582 3403 uiinmncn.

311 3521 383 3582 F.
425 3522 614 3585 Caule
654 3525 826 3588 brevi
870 3528 1145 3612 simplici,
1167 3531 1326 3593 foliis
1369 3534 1618 3596 stellatis
1662 3541 1851 3599 ovatis
1895 3548 2167 3606 concavis

160 3611 165 3614 ’
232 3621 578 3682 acuminatis
599 3626 841 3684 serratis
861 3646 1047 3686 nervo
1071 3629 1227 3688 infra
1239 3632 1473 3713 apicem
1498 3635 1774 3712 evanido‚
1794 3648 1924 3699 seta
1946 3645 2168 3717 stricta,

228 3717 474 3797 capsula
515 3722 836 3801 pyriformi
879 3721 1220 3786 laeviuscula
1243 3773 1261 3801 ‚
1306 3731 1598 3811 operculo
1643 3755 1929 3797 convexo.

312 3815 577 3876 Funaria
614 3809 1075 3902 Miihlenhergii.
1111 3823 1291 3884 Turn.
1322 3828 1383 3886 in
1408 3849 1550 3889 ann.
1593 3832 1673 3911 os.
1702 3834 1813 3894 bot.
1847 3856 1904 3909 2,
1925 3856 1989 3917 p.
2031 3833 2163 3915 198.

231 3910 544 3991 Schwoegr.
587 3915 775 3999 suppl.
829 3938 880 3991 ι,
926 3939 986 3991 2,
1018 3940 1086 4000 p.
1117 3916 1220 3999 78,
1252 3922 1364 3982 mh.
1399 3923 1499 3989 66.
1529 3927 1735 4004 Eius-d.
1777 3953 1864 4013 sp.
1896 3951 2072 3989 masc.
2115 3952 2167 4002 1,

220 4027 287 4085 p.
333 4006 431 4081 46.
474 4009 640 4070 Brid.
681 4014 848 4073 meth-
867 4036 931 4095 p.
966 4016 1093 4076 123.
1125 4015 1271 4078 Am.
1306 4019 1463 4101 disp.
1508 4027 1674 4086 mecla.
1719 4048 1781 4107 p.
1818 4047 1952 4108 290.
1985 4026 2162 4089 Web.
