2917 5052
2092 393 2203 460 ιη

284 487 388 571 37,
408 482 480 549 B.
523 478 731 567 Eiusd.
770 503 920 570 spec.
955 503 1020 569 p.
1050 501 1180 548 ιω.
1220 482 1537 565 Schwoegr.
1569 481 1761 569 suppl.
1793 505 1849 561 ι,
1877 507 1934 561 1,
1962 506 2029 567 p.
2071 484 2201 564 145.

286 583 459 649 Bn'd.
501 589 672 651 mella.
704 608 772 670 p.
813 582 913 649 85.
954 585 1191 649 Swartz
1230 604 1408 644 muse.
1449 603 1601 643 succ.
1636 605 1701 667 p.
1745 585 1845 645 30.

359 684 584 762 Bryum
614 683 1009 767 glaucescens.
1042 681 1244 743 Dioks.
1271 680 1358 764 pl.
1385 694 1572 763 crypt.
1606 680 1732 742 bric.
1742 680 1904 762 fasc.
1930 683 1993 759 4,
2008 704 2074 766 p.
2112 707 2133 747 ι
2146 705 2204 746 o.

361 782 453 845 Ad
493 792 717 843 terram
759 778 840 842 ad
876 777 1063 863 pedes
1104 777 1397 839 arborum
1437 798 1632 860 prope
1672 778 2140 842 Sesto-calenda

360 878 561 941 Caulis
602 896 704 940 sex
742 877 841 939 vel
881 886 1019 939 octo
1058 875 1245 938 lineas
1286 875 1443 936 altus
1484 891 1778 937 ramosus.
1817 875 1995 937 Folia
2048 879 2202 941 infe·

278 982 442 1040 riora
482 986 715 1039 remote
757 974 990 1037 alterna
1031 973 1537 1058 squamaeformia,
1576 974 1891 1056 superiora
1931 970 2202 1055 longiora

277 1075 564 1149 conferta,
607 1070 859 1133 madore
888 1070 1113 1153 patula,
1149 1072 1408 1132 siccitate
1443 1069 1729 1151 adpressa
1769 1071 1989 1145 stricta,
2019 1071 2198 1130 etiam

275 1173 430 1233 sicca
469 1169 791 1253 valdopere
834 1168 1284 1252 glaucescentia.
1327 1166 1609 1249 Capsula'
1630 1167 1815 1230 ovalis
1856 1166 2041 1228 fusca.

876 1379 934 1442 7.
975 1362 1295 1423 Dumnonou
1338 1378 1581 1421 smum.

348 1549 421 1613 D.
463 1551 653 1613 Caule
693 1562 894 1614 erecto
937 1551 1305 1636 subsimplici
1331 1599 1348 1629 ,
1404 1552 1565 1614 foliis
1607 1550 2201 1616 lanceolam-acumi-

267 1650 424 1707 natis
447 1650 725 1708 ‘siccitate
768 1647 1070 1709 tortilibus
1092 1695 1110 1724 ,
1171 1668 1359 1709 nervo
1414 1666 1617 1709 crasso
1656 1649 1925 1730 praeditis
1966 1652 2197 1730 apicem

266 1746 595 1826 attingente
614 1789 634 1820 ,
686 1744 928 1827 capsula
969 1754 1168 1806 erecta
1211 1744 1535 1822 cylindrica
1556 1791 1576 1822 ,
1637 1744 1926 1828 operculo
1981 1744 2199 1806 obtuse

280 1847 562 1902 rostrato.

346 1934 734 2011 Didymodou
771 1935 1048 1997 barbula.
1076 1937 1240 1997 Bals.
1270 1951 1327 1998 et
1356 1936 1452 1997 De
1481 1933 1619 1997 Not.
1643 1937 1705 1997 in
1727 1936 1877 1997 Bibl.
1910 1938 2031 2000 ital.
2059 1949 2194 2000 tom.

270 2029 373 2106 64,
414 2053 471 2091 n.
526 2053 592 2093 η
636 2034 799 2114 (non
838 2031 1003 2093 Brid.
1045 2036 1219 2093 mech.
1252 2055 1316 2115 p.
1371 2031 1546 2110 102).

348 2125 842 2187 Trichostomum
884 2126 1159 2187 barbula.
1205 2127 1521 2207 Schwoegr.
1562 2129 1751 2211 suppl.
1791 2146 1842 2204 1,
1879 2147 1929 2202 1,
1960 2149 2025 2213 p.
2062 2129 2195 2205 144,

259 2220 374 2282 tab.
418 2221 515 2282 36.
557 2220 895 2301 Montagne,
931 2220 994 2281 in
1023 2221 1304 2281 Ambives
1342 2221 1418 2282 de
1460 2222 1795 2305 botanique,
1826 2236 1863 2282 t.
1901 2245 1951 2297 1,
1964 2243 2029 2307 p.
2054 2223 2192 2286 215.

341 2315 834 2378 Trichostomum
875 2315 1283 2378 barbuloideS.
1326 2315 1494 2378 Bn‘d.
1537 2319 1710 2377 mech.
1745 2339 1811 2400 p.
1846 2317 1945 2378 83.

337 2411 831 2472 Trichostomum
875 2410 1282 2473 convolutum.
1325 2410 1490 2474 Bn‘d.
1534 2413 1705 2473 mech.
1742 2433 1807 2494 p.
1851 2412 1951 2473 83.

345 2505 604 2567 Tortula
636 2508 915 2570 cirrhata.
955 2507 1107 2573 Am.
1151 2507 1213 2570 in
1247 2501 1341 2573 W
1338 2532 1465 2573 em.
1500 2523 1684 2572 vans.
1729 2510 1841 2572 vol.
1880 2509 1940 2574 5.
1982 2510 2193 2593 EJusd.

251 2602 401 2688 disp.
443 2604 613 2665 mech.
646 2626 711 2688 p.
757 2603 894 2686 287.
933 2602 934 2607 ’
1345 2690 1350 2693 ,

334 2699 598 2759 Barbula
635 2697 961 2762 lusitanica.
1002 2697 1167 2761 Bn‘d.
1211 2721 1298 2784 φ.
1339 2722 1525 2762 musc.
1571 2721 1633 2776 2,
1665 2724 1731 2786 p.
1779 2697 1917 2784 249.

335 2793 429 2853 Ad
490 2815 627 2855 saxa
667 2798 732 2855 in
774 2794 1029 2858 collibus
1083 2804 1146 2858 et
1196 2799 1499 2880 praecipue
1555 2797 1633 2859 ad
1693 2796 2044 2879 speluncam
2084 2794 2189 2859 del

255 2891 415 2953 Buco
456 2891 556 2952 del
594 2891 857 2955 Piombo.

335 2986 535 3047 Caulis
578 2999 840 3070 quatuor
880 2990 977 3052 vel
1020 3011 1120 3051 sex
1161 2989 1348 3050 lineas
1381 2989 1542 3052 altus
1574 2991 1805 3052 inferne
1827 2989 2043 3051 nudus.
2066 2989 2186 3050 Fo-

249 3076 332 3141 lia
376 3082 663 3144 undulata
704 3087 963 3146 siccitate
1007 3084 1343 3147 convoluta.
1388 3085 1531 3146 Seta
1571 3106 1791 3146 novem
1833 3086 1929 3146 vel
1974 3084 2185 3147 decem

250 3174 436 3237 lineas
479 3177 676 3260 longa,
719 3179 961 3263 capsula
998 3180 1302 3242 interdum
1346 3180 1776 3263 aliquantisper
1814 3179 2065 3262 obliqua
2099 3179 2186 3241 lu·
2292 3166 2323 3192 ⁸

250 3272 560 3335 teo-fusca.
601 3276 825 3339 Dentes
870 3276 1125 3339 lineares
1148 3296 1282 3362 ’per
1320 3279 1494 3359 paria
1536 3278 1946 3361 approximati.
2050 3282 2057 3289 ‘

895 3463 954 3506 2.
993 3443 1185 3505 Foliis
1225 3441 1539 3504 subulatis.

655 3659 659 3663 ,
788 3592 848 3655 8.
889 3594 1210 3657 Dmruonon
1272 3614 1641 3655 cuituctuu.

323 3748 396 3813 D.
439 3752 625 3817 caule
669 3768 871 3820 erecto
914 3757 1280 3843 subsimplici
1305 3805 1323 3834 ,
1380 3758 1538 3819 foliis
1608 3754 2177 3843 semivaginantibus

239 3846 536 3909 subulatis
579 3858 827 3920 setaceis
868 3859 1092 3938 sparsis
1124 3855 1221 3916 vel
1255 3853 1657 3931 subdistichis,
1687 3857 1929 3941 capsula
1972 3859 2176 3917 erecta

243 3941 701 4026 mboylindrica,
742 3951 1033 4034 operculo
1072 3951 1422 4014 brevissime
1464 3954 1695 4015 conioo.
