2917 5052
2139 395 2222 459 85

284 511 663 596 operculum
706 509 993 571 obtusum
1035 507 1133 569 vel
1178 504 1586 569 innonnullis
1628 503 1949 571 individuis
1983 525 2221 574 mucro-

280 608 581 669 nulatum.

294 752 301 767 ,
363 705 575 793 Variat
614 704 809 764 ramis·
836 701 975 785 plus
1015 699 1112 762 vel
1154 702 1354 761 minus
1395 700 1682 762 confertis
1707 746 1726 776 ‚
1782 698 1943 761 foliis
1984 698 2220 762 lanceo—

278 800 417 866 latis
459 800 790 875 laxissimis,
831 810 895 860 et
935 809 1165 860 statura
1206 800 1462 859 minore.

364 898 675 960 Habemus
737 895 971 979 aliquot
1034 898 1363 980 specimina
1423 901 1580 956 lecta
1636 898 1698 956 in
1740 895 1889 957 locis
1953 894 2221 956 humidis

275 1006 477 1078 prope
517 994 735 1055 urbem
778 1014 913 1076 quae
956 993 1036 1055 ad
1077 1013 1344 1075 unguem
1389 993 1664 1055 referunt
1702 995 1942 1054 iconem
1975 992 2220 1054 Dickso-

272 1094 528 1153 nianum
559 1093 834 1175 superius
874 1095 1113 1153 citatam
1157 1090 1271 1151 sub
1311 1086 1548 1177 Hypno
1585 1090 1878 1152 Teesdalii
1917 1110 2073 1171 quae,
2103 1089 2219 1148 nisi

275 1189 537 1270 excipias
577 1191 842 1270 partium
885 1190 1157 1248 omnium
1212 1186 1605 1269 gracilitatem
1633 1185 1739 1247 ιώ
1780 1181 2010 1273 Hypno
2055 1180 2219 1246 'velu-

273 1284 399 1344 tino
443 1283 809 1364 distinguere
848 1304 975 1343 non
1014 1281 1306 1343 valemus.

360 1381 456 1441 De
495 1378 841 1439 differentia
883 1376 1046 1438 anuli
1089 1371 1249 1438 inter
1290 1374 1385 1440 Η.
1430 1378 1748 1440 velutinum
1788 1386 1851 1438 et
1892 1376 2222 1438 zhtv-icaaan

273 1480 508 1559 optime
549 1476 830 1551 dixerunt
868 1474 1115 1536 Hooker
1156 1485 1217 1535 et
1258 1473 1510 1550 Taylor.
1587 1528 1590 1533 ,

361 1567 664 1656 Hypnum
709 1568 909 1630 viride.
949 1570 1072 1632 Dc,
1116 1569 1281 1652 quod
1337 1569 1872 1654 Schwaegrigenius
1916 1579 1979 1631 et
2015 1567 2222 1629 Bride-

271 1667 392 1728 1ius
435 1667 664 1728 habent
705 1676 1017 1748 tamquam
1063 1668 1427 1743 synonimon
1467 1666 1721 1750 hujusce
1763 1667 2016 1789 speciei,
2058 1685 2224 1749 spec-

274 1773 370 1825 tat
409 1765 492 1825 ad
531 1766 965 1846 insequentem.

889 1946 990 2020 3ο.
1032 1956 1264 2021 Huncin
1309 1979 1605 2023 »ornum«.

359 2147 431 2211 H.
473 2149 661 2210 Caule
703 2159 953 2232 repente
984 2151 1280 2231 pinnatim
1323 2151 1765 2230 confertimque
1806 2169 2051 2210 ramoso
2070 2194 2089 2224 ,
2130 2151 2217 2210 fo-

273 2243 371 2305 liis
408 2245 740 2306 imbricatis
804 2245 1379 2326 erecto-patentibus
1453 2244 1804 2305 lanceolatis
1867 2247 2220 2305 acuminatis

274 2358 538 2423 superne
581 2339 825 2398 serratis
866 2339 1138 2420 margine
1172 2336 1404 2399 reflexis
1430 2358 1623 2399 nervo
1654 2341 1886 2421 apicem
1930 2340 2222 2419 attingen-

271 2444 357 2511 te,
399 2445 527 2495 seta
567 2432 991 2510 scabriuscula,
1032 2435 1280 2518 capsula
1321 2445 1501 2496 ovata
1543 2435 1879 2512 suberecta,
1923 2433 2218 2518 operculo

272 2535 488 2594 conico
530 2540 727 2592 acuto.
783 2604 787 2608 q

272 2677 277 2682 .
355 2630 640 2712 Hypnum
682 2629 1032 2711 populeum.
1075 2625 1302 2692 Hedw.
1343 2652 1430 2715 ῳ.
1460 2654 1525 2715 p.
1563 2634 1708 2713 273,
1762 2630 1897 2691 tab..
1937 2651 2017 2709 70
2046 2675 2064 2703 ‚
2102 2628 2218 2708 fig.

284 2726 459 2788 ι--6.
501 2727 822 2807 Schwaegr.
864 2727 1053 2811 suppl.
1095 2748 1114 2785 1
1140 2774 1160 2799 ,
1205 2749 1262 2802 2,
1297 2750 1361 2810 p.
1398 2726 1538 2789 238.
1574 2726 1738 2788 Brid.
1774 2728 1945 2786 mech.
1982 2747 2047 2809 p.
2088 2746 2219 2806 172.

273 2822 426 2882 Am.
468 2822 619 2905 disp.
661 2823 835 2882 mech.
884 2845 947 2905 p.
1009 2824 1144 2883 313.
1197 2823 1301 2884 W
1292 2824 1374 2882 eb.
1428 2838 1486 2885 et
1526 2825 1713 2886 Mohr
1767 2824 1878 2883 bot.
1936 2822 2114 2882 tasch.
2152 2842 2218 2904 p.

277 2919 415 2981 305.
449 2915 647 2979 Hook.
690 2932 746 2979 et
793 2920 963 3006 Tayl.
1007 2942 1184 2979 masc.
1228 2921 1357 2981 brit.
1394 2944 1458 3004 p.
1513 2922 1623 3002 157
1651 2968 1668 2995 ,
1717 2922 1828 2982 tab.
1876 2921 1972 2996 24.
2012 2919 2218 3000 ‚Mart

261 3014 341 3095 fl.
384 3029 571 3101 crypt.
639 3017 858 3096 erlang.
918 3038 982 3100 p.
1027 3015 1121 3077 26.
1166 3018 1323 3077 Dub.
1366 3018 1479 3078 bot⁴
1531 3020 1670 3097 gall.
1704 3041 1772 3103 p.
1815 3015 1954 3079 558.
1999 3012 2218 3096 Pollia.

249 3110 339 3191 fl.
384 3132 575 3173 veron.
622 3114 678 3187 3,
714 3134 778 3196 p.
825 3111 961 3188 354.

315 3205 642 3288 Hypnum
686 3207 890 3267 viride.
933 3208 1066 3269 DC.
1085 3207 1173 3289 fl.
1199 3210 1289 3291 fr.
1337 3231 1395 3284 2,
1430 3231 1495 3293 p.
1540 3208 1658 3290 537
1705 3211 1833 3291 (ex
1873 3210 2037 3270 Dab.
2047 3210 2099 3290 ).

353 3300 641 3383 Hypnum
686 3302 1031 3390 implexum.
1066 3296 1309 3366 Swartz
1342 3319 1471 3366 act.
1516 3306 1692 3365 holm.
1746 3303 1935 3388 1795,
1967 3327 2034 3389 p.
2080 3304 2218 3380 264.

275 3398 587 3481 ιςηιίεήῌβ
631 3400 756 3460 bric.
803 3402 861 3481 3,
895 3422 959 3483 p.
1016 3404 1185 3464 1310.

353 3495 643 3578 Hypnum
685 3496 1335 3580 plumosum.Swa1-tz
1378 3477 1557 3560 muse.
1598 3522 1748 3562 suec.
1783 3523 1848 3624 p.
1893 3498 1975 3561 66
2017 3499 2209 3581 (excl.

271 3612 398 3677 syn.
448 3592 592 3652 Dill.
617 3591 660 3674 ).

352 3689 449 3748 Ad
490 3710 628 3750 saxa
671 3700 734 3751 et
774 3700 1031 3752 truncos
1075 3691 1422 3754 arborum
1408 3715 1471 3754 m
1527 3692 1707 3770 sylvis
1762 3692 1863 3755 del
1910 3694 2116 3756 Ticino
2159 3704 2222 3754 et

274 3788 334 3846 in
379 3786 634 3848 collibus
677 3809 869 3872 prope
912 3790 1105 3852 Sesto·
1110 3788 1383 3852 Calende.

355 3881 560 3943 Caulis
602 3884 681 3944 ab
726 3889 900 3946 uncia
954 3906 1077 3945 uua
1144 3885 1221 3945 ad
1277 3885 1426 3947 duas
1470 3887 1685 3968 longus
1739 3908 1957 3970 repens
1981 3933 1998 3963 ,
2060 3891 2212 3948 rami

245 3976 650 4062 ‘longitudine
694 3983 839 4041 varii
868 4027 887 4057 ,
950 4002 1112 4043 nunc
1163 3981 1380 4044 breves
1422 3991 1485 4044 et
1526 3985 1918 4045 confertiores
1983 3987 2163 4045 erecti
2188 4031 2205 4060 ,
