2917 5052
2183 434 2257 497 61

341 567 402 606 se
444 547 699 603 invicem
741 539 996 603 affinitas
1029 554 1196 623 patet
1229 554 1292 604 et
1324 547 1452 626 ipse
1475 544 1673 606 Bridel
1703 549 1765 607 in
1799 547 2090 609 methodo
2131 570 2274 610 mu-.

339 660 578 699 scorum
623 638 661 697 l.
692 654 779 711 ·c.‚
821 641 1100 698 convenit
1127 639 1205 700 de
1239 638 1478 700 illarum
1525 644 1863 721 specierum
1903 643 2272 723 infirmitate,

339 755 475 794 cum
522 735 680 793 dicat
728 760 761 785 κ
804 744 870 792 ut
913 744 979 792 ut
1033 737 1109 793 sit
1150 756 1261 817 per
1304 757 1402 795 me
1443 736 1596 795 nihil
1642 737 1842 798 obstat
1885 745 2030 820 quin
2066 744 2149 804 H.
2176 751 2273 806 tri-

345 857 379 884 κ
420 829 772 912 οΙιοροάίωη
794 875 811 904 ,
873 830 1236 911 longisolium
1275 835 1400 892 imo
1444 844 1507 892 et
1547 834 1854 895 obscurum
1897 837 2116 900 abhinc
2156 842 2272 901 sub

344 953 381 979 κ
424 926 649 1010 Hypno
690 926 909 1009 ripario
971 936 1283 1007 tamquam
1350 931 1668 990 varietates
1733 942 2074 997 constantes
2117 936 2272 999 mili-

345 1048 381 1076 «
423 1032 569 1084 tent.
611 1050 646 1078 κ

527 1216 684 1278 Sect.
728 1218 796 1278 11.
839 1219 1194 1281 Danu-somn.
1238 1217 1388 1280 Am.
1431 1220 1582 1306 disp.
1626 1224 1796 1284 mech.
1831 1245 1896 1307 p.
1943 1202 2080 1308 307.
2193 1239 2202 1245 “

425 1408 662 1470 Surculi
686 1399 1073 1471 ‘teretiusculi
1130 1412 1360 1472 inferne
1404 1413 1690 1475 denudati
1745 1436 2034 1499 supernes
2078 1440 2279 1481 ramo-

342 1507 411 1580 si,
452 1505 598 1566 folia
637 1515 802 1566 recta
844 1505 1110 1588 undique
1151 1506 1487 1569 imbricata.

965 1700 1023 1761 5.
1065 1698 1292 1764 Hrruuu
1334 1723 1666 1766 ntunnomts.

425 1892 497 1953 H.
541 1890 729 1952 Caule
767 1901 974 1953 'erecto
1015 1895 1249 1956 inferne
1291 1896 1457 1958 nudo
1503 1918 1760 1980 superne
1804 1899 2149 1982 fastigiatim
2191 1892 2285 1963 ra-

342 2008 550 2064 mos0,
591 1988 750 2048 foliis
791 1989 1121 2050 imbricatis
1165 1995 1746 2075 erecto-patentibus
1808 2001 1998 2057 ovatis
2039 1999 2135 2059 vel
2160 2000 2286 2081 ‚ob-

346 2076 896 2166 longo-lanceolatis
933 2073 1162 2147 obtnsis
1192 2093 1433 2149 serratis
1476 2112 1663 2151 nervo
1698 2103 1837 2151 ante
1866 2097 2096 2175 apicem
2130 2095 2283 2157 desi-

345 2189 545 2255 nente,
566 2180 819 2263 'capsula
843 2182 1335 2264 ovato-oblonga
1377 2178 1599 2261 erecta,
1642 2188 1930 2268 operculo
1975 2201 2253 2253 rostrat0.

429 2277 715 2358 Hypnum
761 2276 1141 2336 dendroides.
1207 2279 1381 2339 Linn.
1440 2302 1529 2362 sp.
1587 2303 1652 2363 p.
1705 2281 1877 2363 1593.
1920 2284 2070 2345 Am.
2133 2287 2285 2370 disp.

344 2375 514 2434 mech.
554 2396 618 2453 p.
664 2376 803 2452 307.
846 2369 1047 2434 Hook.
1105 2386 1161 2433 et
1208 2375 1381 2455 Tayl.
1434 2398 1616 2437 masc.
1672 2378 1796 2437 brit.
1834 2378 2064 2461 p.‘1'68
2090 2428 2108 2456 ,
2173 2384 2286 2445 tab.

351 2467 445 2529 25.
490 2467 646 2529 Dub.
690 2467 801 2526 hot.
843 2469 979 2547 gall.
1016 2490 1080 2552 p.
1114 2468 1266 2532 555.
2140 2478 2146 2483 '

431 2564 788 2625 Climacium
851 2565 1235 2627 dendroides.
1283 2568 1463 2635 Web.
1513 2583 1570 2630 et
1609 2570 1795 2631 Mohr
1851 2573 1963 2635 bot.
2007 2576 2186 2635 tasch.
2221 2598 2287 2660 p.

349 2659 484 2721 252.
529 2661 845 2740 Sclmvaegr.
886 2664 1077 2745 suppl.
1130 2685 1180 2738 1,
1210 2684 1282 2753 ·2,
1316 2686 1381 2748 p.
1427 2666 1562 2741 ι4ῐ,
1603 2668 1715 2727 tab.
1762 2666 1861 2729 81.
1905 2670 2069 2730 Brid.
2111 2674 2282 2732 meth.

339 2780 402 2841 p.
456 2758 587 2834 142.
636 2756 706 2822 V
700 2761 784 2819 oie
821 2781 1001 2820 mus-c.
1043 2761 1261 2845 her-bip.
1297 2784 1361 2845 p.
1406 2784 1504 2843 77.
1548 2765 1817 2844 Marafl.
1848 2781 2032 2850 crypt.
2062 2769 2281 2849 erlang.

339 2876 403 2937 p.
445 2847 545 2913 5ο.
580 2855 900 2929 Pommfl.
933 2877 1122 2917 veron.
1161 2859 1231 2932 3,,
1252 2880 1317 2941 p.
1362 2859 1503 2935 340.
1675 2877 1682 2890 ‘

430 2949 658 3009 Leskea
699 2950 1078 3012 dendroides.
1122 2952 1347 3014 Hedw.
1389 2977 1476 3037 sp.
1513 2978 1577 3038 p.
1623 2956 1759 3019 228.

429 3045 692 3105 Neckera
733 3046 1108 3109 dendroides
1144 3048 1382 3110 Swartz
1423 3073 1603 3113 muse.
1647 3075 1798 3113 suec.
1834 3076 1898 3137 p.
1943 3079 1978 3137 7
1997 3079 2040 3118 ι.

432 3140 575 3200 Diu.
618 3141 746 3203 hist.
789 3163 967 3204 muse.
1011 3143 1123 3205 tab.
1160 3143 1267 3219 40,
1290 3143 1400 3226 fig.
1443 3144 1547 3222 48.
1586 3146 1661 3214 V
1650 3150 1771 3208 aill.
1802 3151 1913 3212 bol.
1950 3154 2133 3234 paris.
2172 3154 2283 3215 tab.

353 3233 458 3309 26,
483 3236 593 3318 fig.
635 3235 693 3297 6.
1378 3300 1382 3303 ⁴
2031 3285 2032 3288 ¹

432 3332 500 3390 In
543 3331 724 3406 sylvis
767 3344 829 3392 et
872 3337 933 3394 in
975 3334 1122 3395 locis
1165 3335 1469 3398 sterilibus
1514 3340 1777 3421 vulgare.

433 3424 637 3485 Caulis
680 3437 913 3489 erectus
945 3475 962 3504 ,
1006 3434 1052 3490 si
1097 3434 1286 3492 mavis
1328 3436 1524 3509 rami,
1591 3441 1827 3498 unciam
1874 3450 1935 3499 et
1978 3438 2287 3502 dimidiam

348 3518 444 3578 vel
488 3520 637 3580 duas
679 3522 896 3605 longus
937 3527 1167 3588 inferne
1211 3528 1462 3609 simplex
1505 3549 1766 3615 snperne
1811 3535 1993 3596 dense
2028 3537 2291 3620 fastigia-

349 3616 582 3695 timque
624 3637 918 3682 ramosus.
959 3622 1135 3684 Folia
1177 3624 1413 3685 caulina
1446 3624 1579 3688 laxa
1608 3615 1891 3714 appi-essa
1927 3635 2291 3717 amplecten-

350 3711 435 3769 tia
477 3709 597 3773 late
640 3719 1139 3799 ovato-triquetra
1182 3722 1483 3803 apiculata
1548 3729 1782 3811 integra
1837 3753 2026 3792 nervo
2084 3731 2292 3791 subex-

352 3819 632 3871 currente
675 3812 932 3891 donata,
974 3837 1180 3877 ramea
1225 3822 1431 3880 striata
1488 3829 1759 3908 margine
1804 3829 2166 3909 quandoque
2209 3830 2288 3885 ir-

353 3900 712 3982 regulariter
753 3907 973 3971 reflexa
1017 3911 1422 3975 luteo-viridia
1466 3905 1855 3999 splendentia.
1893 3922 2048 3982 Setae
2083 3942 2289 3981 nume-

353 4016 506 4058 rosae
538 4004 976 4071 semi-unciales
1011 4008 1106 4070 vel
1140 4007 1323 4091 paulo
1352 4009 1656 4094 longiores
1692 4018 2143 4099 subaggregatae
2187 4017 2289 4079 lae-
