2917 5052
437 546 615 622 ficos,
656 550 851 629 inquit
871 591 889 621 ,
930 545 1128 612 adhuc
1168 545 1495 608 desiderari
1536 571 1594 606 n.
1638 545 1764 607 Cur
1802 568 1952 631 ergo
1995 560 2086 611 tot
2128 553 2360 635 ineptas

436 647 659 725 species
703 645 958 704 scientim
1000 639 1363 703 detrimento
1406 644 1781 703 concinnavit
1802 644 1831 704 ‘1
1876 643 2317 729 Schwaegrigen
2341 692 2361 722 ,

429 742 535 820 qui
572 739 810 801 aliunde
839 738 1156 800 infeliciter
1184 758 1320 797 cum
1352 733 1445 798 H.
1471 737 1706 820 filicino
1750 738 2054 823 conjunxit
2085 738 2174 802 H.
2206 763 2361 802 com·
2479 811 2483 815 ,

426 850 710 897 mutatum
750 834 918 916 quod
959 837 1208 894 omnino
1248 833 1412 894 bona
1453 843 1547 895 est
1586 837 1815 916 species
1837 881 1856 910 ‚
1897 835 2007 913 has
2050 836 2176 898 fere
2232 859 2361 897 om·

422 953 531 993 nes
575 935 806 1014 spurias
869 934 1095 1014 species
1137 929 1215 989 ad
1257 934 1538 1012 propiam
1582 930 1787 991 sedem
1848 930 2103 992 contulit
2131 977 2149 1007 ,
2214 953 2358 993 eum

427 1031 612 1089 secuti
676 1039 814 1088 sunt
854 1029 995 1088 Arn.
1021 1072 1039 1101 ,
1079 1025 1274 1087 Hook.
1319 1037 1381 1088 et
1422 1026 1595 1103 Tayl.
1641 1027 1880 1087 Clariss.
1924 1026 2054 1088 Viri
2080 1074 2098 1103 ,
2140 1039 2203 1088 et
2243 1049 2356 1089 nos

423 1122 667 1184 illorum
710 1124 1021 1204 opiniones
1064 1120 1350 1181 festanter
1383 1121 1814 1204 amplexamur.

507 1221 640 1282 Huc
681 1241 947 1301 quoque,
986 1219 1145 1278 forte
1187 1227 1526 1299 spectarent
1566 1215 1657 1280 H.
1674 1218 2125 1301 flagelhsome,
2167 1228 2231 1279 et
2256 1239 2356 1279 or-

424 1316 739 1382 thocbzdon
778 1319 892 1376 nisi
935 1315 1204 1376 obstaret
1245 1318 1571 1375 auctoritas
1615 1335 1994 1379 summorum
2051 1316 2354 1378 Muscolo-

427 1433 650 1493 gorum
683 1415 789 1494 qui
823 1411 1002 1473 hasce
1042 1408 1285 1471 ultimas
1327 1410 1563 1492 plantas
1597 1410 1845 1473 trahunt
1875 1412 1954 1473 ad
1980 1409 2072 1474 H.
2101 1432 2351 1496 serpens,

978 1602 1078 1681 46.
1119 1602 1348 1666 Hmwn
1393 1623 1792 1666 centurn-uu.

498 1797 572 1859 H.
616 1797 802 1859 Caule
842 1800 1110 1879 pinnato,
1130 1797 1288 1859 foliis
1311 1797 1644 1859 imbricatis
1677 1796 2197 1860 falcato-secundis
2247 1802 2354 1861 sic·

416 1896 594 1956 citate
636 1896 924 1956 contortis
965 1893 1436 1955 cordato-ovatis
1479 1897 1999 1961 acuminatissimis
2041 1894 2351 1956 serrulatis

325 1999 328 2004 “
415 1992 685 2071 margine
728 1988 958 2051 reflexis
998 2010 1187 2051 nervo
1210 2010 1394 2071 supra
1424 1983 1697 2050 medium
1734 1989 2063 2067 desinente,
2106 1991 2352 2073 capsula

417 2085 680 2168 oblonga
723 2096 969 2146 arcuata
1012 2106 1256 2159 cernua,
1299 2084 1591 2166 operculo
1634 2088 1864 2146 conico.

495 2180 778 2263 Hypnum
824 2189 1287 2241 commutatum.
1329 2178 1757 2261 Hedw.,stirp.
1785 2181 1847 2256 4,
1859 2201 1926 2263 p.
1963 2179 2070 2254 68,
2099 2182 2211 2242 tab.
2249 2181 2349 2257 26,
2398 2192 2407 2202 “

285 2291 289 2298 ’
411 2297 501 2358 sp.
528 2296 595 2358 p.
640 2273 778 2351 284.
826 2273 990 2333 Brid.
1032 2274 1204 2334 mech.
1240 2294 1305 2356 p.
1344 2271 1646 2353 177.Arn.
1686 2270 1843 2356 disp.
1885 2275 2056 2334 mech.
2098 2296 2163 2357 p.
2209 2274 2348 2335 315.

409 2371 649 2431 Swartz
676 2388 854 2428 muso.
887 2388 1039 2428 suec.
1071 2405 1072 2414 κ
1097 2389 1162 2451 p.
1204 2365 1304 2429 56.
1365 2369 1471 2432 W
1462 2366 1546 2432 eb.
1587 2381 1645 2428 et
1693 2368 1889 2440 Molu-¹
1917 2368 2028 2427 bot.
2064 2368 2242 2431 tasch.
2279 2390 2345 2452 p.

411 2464 739 2529 356.2V01·c
776 2474 953 2524 masc.
996 2464 1213 2547 herbip.
1269 2486 1336 2549 p.
1389 2485 1524 2549 109.
1566 2463 1764 2525 Hook.
1825 2478 1882 2526 ec
1928 2465 2127 2546 Tayl..
2165 2486 2346 2526 muse.

408 2560 534 2621 bric.
570 2582 635 2644 p.
689 2558 824 2637 188,
864 2562 977 2622 tab.
1014 2582 1112 2643 27.
1155 2562 1337 2623 Mart.
1340 2559 1431 2642 fl
1462 2549 1648 2646 crypt.
1692 2562 1910 2644 erlang.
1931 2585 1995 2647 p.
2048 2560 2142 2623 36.
2185 2563 2343 2623 Dub.

377 2656 520 2717 hot.
557 2659 698 2738 gall.
739 2679 812 2754 'P‘x
834 2656 974 2720 561.
1114 2708 1117 2713 .

491 2753 774 2835 Hypnum
817 2751 1124 2815 filicinum.
1167 2775 1293 2818 var.
1335 2756 1653 2836 Schwoegr.
1685 2754 1873 2840 suppl.
1919 2777 1969 2830 1,
2001 2776 2058 2831 2,
2094 2778 2159 2840 p.
2206 2776 2342 2840 297.

489 2850 772 2932 Hypnum
817 2851 1072 2934 glanum.
1114 2853 1247 2915 DC.
1266 2852 1355 2931 fl.
1379 2853 1470 2935 fi.
1517 2875 1580 2928 2,
1612 2876 1678 2938 p.
1722 2852 1863 2916 522.

490 2948 633 3007 Dill.
676 2950 803 3010 hist.
845 2970 1022 3010 masc.
1066 2950 1178 3010 tab.
1232 2948 1331 3025 38,
1356 2950 1469 3034 fig.
1512 2973 1600 3035 19.

491 3041 585 3101 Ad
626 3042 851 3104 rivulos
893 3046 954 3103 in
997 3043 1254 3107 collibus
1296 3054 1358 3104 et
1399 3045 1709 3106 montibus
1738 3056 1800 3105 et
1840 3045 1916 3106 ad
1953 3056 2175 3106 terram
2221 3048 2340 3108 stil-

407 3134 611 3196 licidio
652 3138 994 3199 madentem
1040 3159 1209 3200 secus
1249 3138 1553 3214 Abduam,
1595 3150 1709 3201 etc.
1746 3218 1753 3219 ἶ

371 3240 378 3245 ’“
489 3231 901 3295 Procumbens
943 3234 1037 3295 vel
1080 3234 1440 3309 ascendens,
1480 3219 1907 3310 bi·triunciale,
1949 3237 2338 3318 praecedentis

407 3330 607 3390 minus
649 3329 943 3411 rigidum,
984 3334 1298 3412 pinnatum
1324 3377 1342 3406 ,
1384 3333 1539 3390 rami
1595 3330 1893 3413 simplices
1937 3337 2334 3415 approximati

406 3427 637 3505 apicem
678 3446 884 3485 versus
927 3426 1357 3502 decrescentes,
1399 3426 1498 3487 vel
1539 3428 1760 3487 iterum
1791 3430 2019 3509 pinnati
2055 3433 2336 3512 congesti.

404 3517 578 3578 Folia
621 3518 1170 3582 lutescenti-viridia
1212 3521 1580 3583 subnitentia
1610 3542 1815 3583 ramea
1851 3527 2218 3604 angustiora,
2239 3545 2341 3605 pe-

407 3614 752 3677 richaetialia
795 3621 1116 3699 conspicua
1171 3619 1437 3701 oblonga
1493 3621 1848 3680 acuminata.
1894 3619 2065 3681 Seta-
2101 3623 2335 3681 unciam

408 3729 696 3791 superans
737 3713 1282 3797 rubro-sanguinea
1324 3714 1506 3790 laevis,
1546 3715 1753 3777 nitida.
1789 3716 2048 3798 Capsula
2091 3736 2337 3797 spurco-

408 3806 675 3869 rutilans.

489 3902 796 3967 Habemus
857 3889 1214 3966 varietatem
1253 3925 1324 3967 ex
1364 3909 1600 3989 integro
1658 3904 2002 3967 substantiis
2055 3903 2335 3964 calcareis

411 4001 686 4059 vestitam
708 4045 727 4074 ,
782 3999 951 4061 color
991 4000 1150 4062 illius
1193 4011 1285 4063 est
1325 4000 1572 4083 glaucus
1595 4046 1613 4078 ‚
1655 4001 1838 4063 caulis
1880 3999 2295 4081 rigidiusculus
2317 4044 2334 4074 ,
