2917 5052
341 500 570 542 neareS.
612 477 786 540 Folia
827 474 1236 538 luteo-viridia
1275 473 1373 536 vel
1421 473 1788 537 rufescentia
1840 475 2094 537 nitentia
2141 474 2273 536 basi

334 580 534 640 nervis
576 576 815 637 duobus
854 574 1223 635 brevissimis
1267 571 1559 635 obsoletis
1602 572 1842 635 donata.
1886 571 2032 636 Seta
2088 584 2272 644 ramis

334 671 523 756 duplo
566 671 804 752 longior
846 667 1119 730 rutilans.

412 769 695 829 Plantam
739 766 897 827 hanc
936 764 1443 847 elegantissimam
1486 786 1525 825 a
1576 764 1966 827 varietatibus
2029 771 2274 833 minori-

333 866 451 926 bus
509 862 734 949 Hypm‘
790 864 1001 924 stellati
1060 872 1123 924 et
1161 863 1557 946 praecedentis
1622 862 1865 924 abunde
1930 864 2269 928 distinctam

334 964 579 1045 egregie
620 961 939 1022 illustravit
980 959 1185 1022 Celeb.
1237 961 1504 1023 Greville
1547 964 1610 1022 in
1645 981 1763 1022 *suo
1814 963 2272 1045 incomparabili

332 1079 522 1142 opere
561 1059 810 1122 80th
839 1058 1232 1145 cryptogamic
1246 1055 1433 1144 flora
1467 1060 1753 1143 inscripta
1792 1057 1990 1120 titulo.

892 1260 895 1265 ⁴
921 1249 1016 1315 38.
1059 1250 1288 1343 Hmuu
1331 1271 1689 1324 squunosuu.

416 1443 489 1505 Η.
531 1442 720 1507 Caule
763 1444 1122 1506 ascendente
1165 1465 1314 1527 vage
1356 1463 1603 1505 ramoso
1646 1441 2134 1529 subpinnatoque
2184 1451 2278 1513 fo-

333 1538 429 1602 liis
472 1552 633 1603 arcte
676 1541 1074 1617 imbricatise
1114 1542 1246 1603 basi
1272 1540 1411 1603 'lata
1444 1540 1695 1602 cordata
1729 1541 2106 1624 amplexante
2142 1568 2279 1608 acu·

332 1641 574 1700 minatis
615 1642 881 1701 recurvis
948 1642 1191 1700 serratis
1244 1642 1571 1722 integrisve
1621 1639 1891 1701 breviter
1952 1624 2239 1706 binerviis
2260 1692 2282 1720 ,

332 1752 474 1816 caps
451 1733 582 1794 sula
623 1745 799 1798 ovata
843 1734 1096 1817 globosa
1132 1756 1378 1812 cernua,
1419 1734 1712 1818 operculo
1752 1735 2026 1799 breviter
2069 1742 2281 1802 conico

332 1830 783 1892 mucronulatO.

415 1922 702 2008 Hypnum
745 1946 1157 2010 squarrosum.
1201 1927 1382 1990 Lina.
1434 1947 1521 2015 sp.
1571 1950 1636 2011 p.
1691 1927 1862 2011 1593.
1905 1926 2138 1994 Hedw.
2183 1955 2273 2016 sp.

327 2043 393 2107 p.
427 2020 903 2107 281.Sclvwoegr.
933 2026 1129 2108 suppl.
1165 2047 1214 2100 1,
1246 2045 1304 2099 2,
1342 2046 1406 2108 p.
1446 2021 1583 2084 282.
1628 2024 1793 2083 Brid.
1828 2027 1999 2085 mech.
2035 2050 2102 2110 p.
2142 2027 2274 2106 176.

333 2119 484 2179 Am.
526 2118 675 2207 disp.
711 2123 881 2183 moth.
917 2145 982 2203 p.
1021 2120 1159 2182 315.
1195 2120 1434 2180 Swartz
1465 2139 1643 2179 muse.
1676 2140 1830 2179 suec.
1869 2140 1931 2202 p.
1957 2119 2056 2202 59.
2094 2116 2195 2183 W
2187 2124 2282 2200 eb..

337 2229 395 2275 et
438 2216 620 2277 Mohr
656 2217 767 2277 bot.
827 2217 1006 2276 tasch.
1052 2233 1118 2301 p.
1165 2214 1302 2275 353.
1350 2214 1493 2276 Voit
1530 2235 1712 2274 muso.
1771 2215 1989 2298 herbip.
2024 2237 2090 2300 p.
2143 2217 2275 2279 108.

336 2308 543 2374 Hook.
600 2324 658 2372 et
705 2312 876 2396 Tayl.
930 2331 1109 2370 masc.
1173 2310 1302 2370 brit.
1345 2330 1410 2393 p.
1464 2306 1619 2385 182,
1671 2309 1784 2370 tab.
1839 2307 1936 2369 26.
1986 2310 2169 2370 Marc.
2187 2309 2277 2396 fl.

331 2422 520 2491 crypt.
564 2406 803 2486 Edang.
831 2427 894 2492 p.
941 2428 1041 2490 29.
1085 2402 1246 2467 Dub.
1288 2406 1399 2467 bot.
1439 2405 1579 2486 gall.
1614 2428 1679 2491 p.
1723 2404 1863 2468 560.
1905 2405 2069 2467 Bal-5.
2097 2421 2156 2469 et
2179 2409 2277 2474 De

331 2506 474 2566 Not.
518 2516 661 2565 cent.
709 2508 768 2578 2,
811 2525 871 2565 n.
914 2501 977 2579 8,
1020 2505 1082 2565 in
1123 2504 1274 2564 Bt'bl.
1319 2504 1439 2564 ital.
1486 2517 1621 2565 tom.
1667 2523 1764 2584 70.
1881 2535 1884 2540 ·

418 2601 564 2661 Diu.
608 2602 734 2662 hist.
778 2622 958 2663 muse.
1001 2600 1115 2662 tab.
1162 2585 1262 2684 39,
1260 2599 1402 2698 fig.
1448 2599 1529 2662 38
1571 2615 1630 2662 et
1668 2600 1984 2685 39.Va1·11.
2024 2602 2136 2665 bot.
2164 2623 2278 2688 pa-

334 2698 436 2759 ris,
481 2697 596 2757 tab.
643 2717 742 2779 27,
765 2697 879 2780 fig.
924 2696 982 2757 5.

416 2791 685 2873 Vulgare
726 2795 787 2852 in
832 2792 1011 2869 sylvis
1051 2791 1212 2854 della
1243 2791 1529 2869 Met-lata,
1569 2794 1631 2853 in
1672 2794 1909 2876 pascuis
1952 2795 2169 2875 apricis
2209 2806 2272 2856 et

334 2890 399 2948 in
439 2887 586 2949 locis
630 2883 885 2950 collinis.

418 2984 622 3045 Caulis
654 2985 1321 3070 bi-tri-quadriuncialis
1342 2988 1475 3049 basi
1506 3008 1661 3071 saepe
1685 2988 2021 3051 denudatus
2046 3000 2107 3051 et
2131 3011 2274 3074 pro-

337 3079 628 3140 cumbens
669 3103 1044 3165 purpureus:
1089 3085 1242 3143 rami
1277 3083 1652 3165 longi—tudine
1680 3087 1828 3144 varii
1871 3107 2031 3147 nunc
2056 3086 2273 3149 breves

335 3194 497 3236 nunc
536 3177 802 3237 unciales
835 3188 897 3238 et
924 3177 1227 3259 longiores
1262 3178 1594 3238 ‘inordinati
1625 3178 1721 3239 vel
1753 3178 2095 3261 subpinnati
2140 3186 2277 3245 sim-

334 3269 521 3351 plices
563 3282 624 3332 et
665 3277 952 3333 attenuati
996 3273 1093 3334 vel
1133 3276 1356 3334 iterum
1398 3271 1688 3335 ramulosi
1736 3285 1798 3336 et
1840 3277 2056 3339 obtusi.
2100 3280 2291 3343 Folia.

334 3363 471 3428 laete
512 3368 724 3429 viridia
765 3367 1158 3452 splendentia,
1201 3391 1234 3430 e
1268 3369 1397 3430 basi
1441 3370 1820 3453 amplexante
1874 3373 1996 3434 lata
2036 3378 2098 3436 in
2142 3398 2280 3438 acu-

334 3480 478 3521 men
519 3461 769 3546 longum
813 3474 1117 3540 attenuata
1160 3468 1474 3549 insigniter
1528 3487 1816 3544 recurva,
1853 3470 2278 3552 perichaetialia

330 3558 570 3619 interna
612 3559 848 3645 longius
891 3564 1228 3623 acuminata
1272 3561 1607 3625 suberecta.
1638 3564 1783 3626 Seta
1815 3570 1991 3628 uncia
2033 3566 2275 3652 longior

331 3674 643 3739 purpurea
684 3657 1082 3724 subssexuosa.
1127 3659 1388 3744 Capsula
1429 3659 1617 3723 dilute
1658 3663 1856 3728 badia.
