2917 5052
2169 456 2193 499 ¹
2202 458 2245 522 9

308 546 474 609 mech.
532 564 598 627 p.
652 542 783 625 196.
838 545 991 608 Am.
1052 545 1203 630 disp.
1269 548 1442 608 mech.
1500 567 1565 630 p.
1611 548 1748 630 319.
1790 545 2113 629 Schwoegr.
2154 568 2243 632 sp.

304 664 482 704 muso.
528 661 584 717 1,
615 664 681 727 p.
722 643 781 721 4.
817 640 1058 710 Swartz
1097 664 1278 705 muse.
1312 664 1467 712 suec.
1493 664 1560 727 p.
1596 641 1695 723 76.
1723 641 1902 708 Web.
1944 656 2003 705 et
2039 643 2243 707 Mohr.

302 738 416 802 bot.
458 742 637 803 tasch.
694 762 760 825 p.
806 738 944 803 218.
993 737 1064 804 V
1059 742 1142 803 oit
1201 761 1381 802 muse.
1426 739 1646 822 her-bip.
1690 760 1755 823 p.
1797 736 1897 822 59.
1940 734 2144 800 Hook.
2188 750 2247 800 et

309 837 482 918 Tayl.
525 859 705 899 muse.
746 838 869 899 brit.
905 861 970 922 p.
1010 838 1119 914 44,
1159 838 1273 900 tab.
1316 858 1404 899 10.
1449 834 1733 917 Mamfl.
1762 847 1949 918 crypt.
1991 835 2241 917 Erlang.

295 956 359 1018 p.
403 932 504 997 82.
545 936 701 997 Dub.
741 936 853 997 bot.
890 937 1030 1018 gau.
1056 957 1122 1020 p.
1152 935 1293 1012 546.
1325 934 1539 996 Pollia.
1570 932 1644 1009 fl.
1691 953 1886 993 veron.
1917 933 1977 1008 3,
2004 954 2070 1017 p.
2102 930 2242 994 315.

299 1031 463 1093 Bal-5.
505 1045 562 1092 et
598 1033 694 1092 De
732 1031 870 1093 Not.
913 1054 1092 1093 masc.
1135 1030 1380 1094 Mediol.
1423 1031 1641 1092 exsicc.
1664 1028 1827 1110 fasc.
1872 1027 1930 1103 I,
1972 1050 2031 1088 n.
2085 1048 2136 1088 1.

383 1124 796 1202 Polytrichum
838 1127 1076 1212 Hoppii.
1115 1125 1418 1190 Hom-sch.
1466 1128 1529 1186 in
1569 1123 1720 1185 diar.
1763 1123 1878 1189 hot.
1915 1121 2135 1185 Racisb.
2184 1142 2241 1197 2,

293 1241 361 1304 p.
402 1221 486 1285 56
526 1237 583 1285 ει
629 1223 760 1285 105.
800 1223 1087 1285 Schleich.
1129 1225 1347 1286 exsioc.

382 1320 801 1397 Polytrichum
843 1341 1167 1382 commune
1198 1342 1268 1402 y.
1319 1319 1492 1379 Lt’nn.
1533 1337 1622 1399 sp.
1656 1336 1722 1399 p.
1775 1315 1947 1396 1573.

383 1417 527 1477 Diu.
571 1417 696 1477 hist.
741 1438 921 1477 masc.
963 1416 1077 1477 tab.
1120 1414 1364 1497 54,fig.
1411 1415 1469 1475 3.
1519 1409 1704 1479 Vaill.
1748 1411 2079 1495 bosspcm‘s.
2123 1411 2237 1477 tab.

301 1512 403 1588 23,
427 1511 542 1594 fig.
582 1532 622 1592 7
648 1511 677 1571 ‘1

378 1609 448 1668 In
488 1607 637 1668 locis
678 1608 896 1691 apricis
937 1607 1179 1669 collium
1214 1626 1408 1689 prope
1435 1604 1632 1666 Sesto-
1640 1583 1901 1666 calenda
1928 1611 1992 1665 et
2022 1606 2087 1666 in
2124 1607 2239 1670 eri-

297 1705 443 1762 cetis
486 1723 672 1786 supra
711 1699 967 1765 Bollate.

379 1796 582 1858 Caulis
621 1800 686 1859 in
725 1795 931 1880 planta
974 1799 1130 1858 sicca
1162 1795 1428 1858 clavatus
1462 1793 1883 1857 semiuncialis.
1915 1793 2099 1859 Folia
2127 1797 2240 1859 sic-

293 1893 473 1953 citate
514 1913 801 1976 appressa
842 1893 1178 1955 rufo-fusca
1233 1893 1404 1957 laevia
1424 1937 1443 1968 ,
1485 1890 1645 1975 pilus
1689 1890 2021 1953 serrulatus
2041 1939 2061 1970 ‚
2103 1914 2240 1976 cap-

290 1987 426 2053 sula
465 1991 733 2072 primum
777 2000 978 2052 erecta
1007 1989 1148 2052 dein
1168 1991 1541 2065 =maturitate
1571 2009 1813 2050 cernua.
1849 1987 2140 2074 Calyptra
2170 1992 2236 2051 in

290 2083 511 2168 plantis
551 2090 775 2149 nostris
818 2086 1392 2149 aurantiaco-badia.

370 2183 773 2266 Poh‘tn'chum
811 2182 1063 2267 Hoppii.
1104 2182 1406 2243 Hornsch.
1471 2180 1640 2261 quod
1681 2202 1824 2242 cum
1875 2180 1992 2243 bac
2031 2187 2233 2266 specie

290 2288 455 2339 recte
520 2281 826 2361 conjunxit
882 2277 1206 2357 Schwaegr.
1252 2284 1343 2336 est
1401 2277 1700 2357 ipsissima
1757 2275 1967 2358 planta
2019 2277 2234 2341 ludens

290 2384 523 2435 statura
562 2374 750 2456 paulo
791 2375 1028 2433 minore
1053 2418 1072 2447 ,
1126 2370 1493 2455 capsulaque
1547 2370 2030 2434 abbreviata-uti
2070 2376 2236 2437 vide-

287 2491 427 2531 mus
456 2472 520 2530 111
549 2467 976 2553 speciminibus
1008 2467 1527 2546 Schleicherianis,
1551 2488 1735 2551 quem
1764 2467 1969 2531 lusum
1992 2471 2057 2532 in
2084 2492 2233 2556 agro

286 2564 719 2628 Mediolanensi
764 2568 952 2626 etiam
984 2563 1460 2626 observavimus.

367 2665 612 2724 leonem
639 2662 971 2722 Botanicon
1002 2661 1361 2722 Parisiensis
1403 2660 1529 2722 huc
1560 2660 1859 2724 trahimus
1899 2663 2084 2722 innixi
2126 2682 2233 2728 811,-

286 2760 551 2820 ctoritati
592 2757 681 2819 Cl.
722 2758 930 2835 Duby,
970 2757 1077 2820 sed
1118 2779 1293 2840 aequo
1335 2759 1468 2840 jure
1513 2749 1721 2820 reduci
1754 2767 1959 2840 potest
1984 2758 2063 2819 ad
2099 2779 2232 2841 spe-

283 2857 437 2916 ciem
480 2854 926 2938 praecedentem
957 2901 977 2932 ,
1021 2876 1161 2916 cum
1202 2859 1266 2916 in
1309 2856 1712 2938 descriptione
1745 2855 2054 2918 Vaillantii
2096 2856 2230 2918 nul-

283 2948 411 3010 lum
454 2952 532 3011 sit
571 2950 829 3013 verbum
874 2950 950 3012 de
991 2950 1130 3033 pilis
1173 2950 1394 3032 quibus
1435 2951 1584 3013 folia
1626 2953 2048 3016 terminantur.

650 3156 728 3213 4-
756 3157 835 3216 -4-
873 3140 1192 3204 Foliorum
1233 3141 1608 3224 marginibus
1648 3142 1861 3226 planis.

778 3338 789 3408 s
858 3336 918 3396 3.
956 3334 1343 3396 Poimenon
1386 3354 1664 3398 consuunt.

360 3525 431 3589 P.
464 3526 652 3590 Caule
686 3538 889 3592 erecto
930 3529 1213 3613 elongato
1256 3528 1533 3613 simplici,
1563 3530 1723 3591 foliis
1763 3530 2116 3616 patentibus
2160 3526 2232 3592 li-

278 3625 446 3685 neari
487 3623 835 3687 lanceolatis
878 3628 1398 3688 acuminatissimis
1462 3630 1734 3711 margine
1768 3628 1964 3711 planis
2006 3631 2236 3690 carina-

279 3739 401 3799 que
423 3722 666 3781 serratis
694 3724 916 3805 opacis,
938 3721 1441 3806 perichaetialibus
1466 3744 1623 3807 saepe
1644 3723 2021 3807 longioribus
2044 3745 2234 3786 mem-

279 3810 612 3891 branaceis,
653 3818 896 3901 capsula
938 3829 1251 3901 tetragona
1293 3819 1578 3903 oblonga,
1612 3823 1907 3928 apophysi
1945 3822 2231 3906 depressa

278 3909 517 3987 adnata,
559 3916 849 3997 operculo
893 3916 1083 3999 plano
1129 3914 1462 3978 rostellato.

363 4007 777 4084 Polytrichum
824 4034 1162 4075 commune
1188 4012 1359 4075 Linn.
1404 4036 1492 4097 sp.
1528 4037 1592 4098 p.
1634 4017 1785 4097 1573
1820 4015 2007 4097 (εκεῖ.
2042 4013 2222 4094 var.)-
