2917 5052
312 457 612 519 Lutetiam
648 449 856 537 (Cous.
877 448 1002 514 DC.
1030 449 1071 514 l.
1105 449 1194 534 c.)
1222 450 1455 513 etiamsi
1485 451 1549 511 in
1574 449 1904 514 Botanicon
1929 449 2251 518 Parisiensi

310 551 546 613 nullum
591 554 668 612 sit
706 550 964 611 verbum
998 548 1075 610 de
1116 548 1316 632 specie
1341 549 1409 608 in
1439 546 1718 609 iconibus
1761 547 2017 632 depicta.
2049 550 2249 617 Porro

311 648 609 709 babemus
646 647 883 729 aliquot
922 644 1232 707 individua
1263 642 1515 728 hujusce
1550 646 1769 728 speciei
1804 666 1962 727 quae,
1999 648 2251 726 statura,

311 747 627 821 divisione,
660 753 722 806 et
758 744 1089 805 directione
1132 761 1446 802 ramorum
1488 750 1616 802 tam
1679 750 1847 807 arcte
1889 747 2252 827 cumlcnne

311 841 618 905 Vaillantii
659 841 1041 915 conveniunt,
1071 839 1157 898 ita
1196 844 1266 897 ut
1305 836 1537 898 diceres
1578 857 1616 897 e
1657 837 2086 919 speciminibus
2139 861 2249 909 no-

312 941 449 1000 stris
491 938 874 1022 desumptam
915 936 1116 997 fuisse.
1156 932 1421 998 Videant
1457 954 1622 995 nunc
1663 932 1823 996 Galli
1881 935 2103 1018 quibus
2144 958 2250 1000 oc-

311 1038 475 1098 casio
515 1034 809 1097 Herbaria
847 1033 1153 1099 Vaillantii
1194 1030 1573 1095 examinandi
1611 1042 1834 1116 praesto
1868 1044 1963 1096 est
2002 1055 2084 1099 an
2111 1056 2252 1098 con-

312 1135 544 1216 jectura
580 1141 789 1194 nostra
829 1129 1060 1214 aliquid
1097 1129 1366 1191 veritatis
1407 1126 1634 1191 habeat
1673 1149 1787 1190 nec
1826 1149 1925 1191 ne.

895 1324 996 1404 40.
1037 1321 1266 1386 Hrmn
1308 1342 1669 1397 mensumn.

397 1517 473 1580 H.
513 1516 705 1581 Caule
746 1516 1105 1581 ascendente
1146 1536 1297 1599 vage
1331 1535 1578 1597 ramoso
1620 1514 2134 1602 subpinnatoque,
2176 1523 2263 1585 fo-

317 1614 413 1677 liis
459 1625 620 1677 arcte
673 1615 1003 1677 imbricatis
1043 1614 1391 1697 patentibus
1455 1616 1792 1694 squarrosis
1835 1616 2104 1679 „cordato
2157 1622 2262 1681 tri-

317 1715 573 1794 quetris
595 1715 948 1775 acuminatis
975 1711 1170 1794 planis
1214 1712 1434 1772 striatis
1476 1709 1558 1771 ad
1585 1711 1820 1794 apicem
1847 1717 2098 1785 serratis
2124 1715 2261 1778 basi

321 1807 611 1869 binerviis
635 1855 654 1886 ,
701 1807 945 1893 capsula
986 1818 1165 1871 ovata
1218 1820 1442 1873 cernua
1465 1852 1485 1883 ,
1525 1806 1817 1889 operculo
1858 1814 2070 1873 conice
2132 1817 2262 1898 api-

321 1903 544 1964 culat0.

403 1999 690 2083 Hypnum
733 2002 1116 2084 triquetrum.
1151 1998 1327 2061 Linn.
1349 2021 1439 2083 sp.
1478 2018 1542 2081 p.
1580 1997 1753 2081 1589.
1781 1997 2019 2064 Hedw.
2068 2025 2157 2089 sp.
2191 2029 2259 2092 p.

326 2095 463 2157 256.
497 2098 815 2178 Schwaegr.
858 2096 1046 2182 suppl.
1100 2116 1165 2170 r,
1207 2115 1281 2171 2,
1314 2116 1378 2181 p.
1425 2093 1563 2156 280.
1592 2094 1757 2155 Bn'd.
1799 2099 1973 2160 mech.
2022 2121 2087 2184 p.
2126 2103 2267 2182 175.

224 2252 227 2253 a
324 2193 473 2254 Am.
503 2194 652 2279 disp.
682 2196 853 2256 mech.
876 2214 940 2279 p.
975 2190 1111 2252 315.
1141 2191 1378 2251 Swartz
1419 2211 1601 2251 muse.
1642 2212 1795 2251 suec.
1830 2214 1896 2277 p.
1945 2193 2044 2276 59.
2079 2191 2182 2258 W
2172 2201 2260 2260 eb.

324 2303 383 2350 et
421 2290 607 2351 Mohr
659 2290 771 2349 bot.
813 2288 994 2349 casch.
1052 2307 1116 2372 p.
1175 2284 1298 2361 354
1356 2280 1394 2368 (
1403 2286 1557 2348 επεὶ.
1621 2306 1744 2346 var.
1808 2283 1915 2364 β).
1957 2285 2166 2353 ΗοοΙε.
2208 2308 2266 2356 et

333 2386 506 2471 Tayl.
549 2405 728 2444 muso.
773 2383 898 2444 brit.
935 2404 1001 2462 p.
1053 2379 1163 2444 182
1181 2427 1200 2457 ,
1233 2382 1346 2443 tab.
1393 2381 1491 2443 26.
1533 2383 1765 2445 Fion‘n.
1805 2382 2007 2445 Mazz.
2075 2387 2266 2473 bryol.

321 2501 555 2545 roman.
603 2502 670 2564 p.
731 2479 827 2542 25.
870 2480 1051 2542 Mart.
1089 2480 1162 2556 fl.
1202 2493 1392 2567 crypt.
1435 2480 1654 2563 erlang.
1689 2500 1758 2569 p.
1807 2500 1904 2567 29.
1948 2482 2108 2552 Dub.
2147 2477 2264 2548 bot.

321 2574 462 2658 gall.
496 2597 561 2660 p.
603 2575 744 2639 560.
773 2577 986 2637 Pollia.
1005 2572 1093 2660 fl.
1138 2598 1332 2638 veron.
1376 2578 1447 2653 3,
1479 2597 1565 2665 p..
1592 2577 1709 2660 357
1756 2578 1946 2661 (exet.
1988 2599 2109 2642 var.
2154 2582 2270 2663 β).

400 2662 685 2756 Ηῇτριιιισι
728 2673 1157 2755 sagittifolium.
1198 2674 1346 2738 ‹Voit
1382 2696 1565 2736 masc.
1608 2676 1830 2760 herbip.
1865 2699 1946 2759 p.
1976 2697 2080 2760 97.

406 2770 551 2829 Diu.
594 2771 722 2830 Ιιιὶςι.
764 2791 947 2842 masc.
986 2771 1099 2832 tab.
1144 2769 1245 2847 38,
1258 2769 1382 2853 fig.
1429 2768 1525 2833 28.
1564 2772 1745 2836 Vaiu.
1775 2772 1887 2833 bot.
1921 2775 2109 2860 paris.
2143 2775 2260 2839 tab.

327 2860 429 2940 28,
456 2863 566 2946 fig.
604 2871 709 2950 '29.
1454 2867 1457 2868 ⁷
1513 2929 1514 2932 ,
1975 2927 1978 2928 γ

404 2963 473 3021 In
512 2960 661 3022 locis
704 2962 1000 3039 sylvaticis
1054 2962 1238 3025 aridis
1279 2967 1619 3047 praesertim
1661 2968 1728 3027 in
1768 2964 2043 3029 collibus.
2095 2968 2259 3031 Raro

325 3055 662 3119 fructificat.
1306 3121 1313 3124 ,

406 3154 608 3217 Caulis
628 3219 629 3222 ,
649 3154 949 3239 ΡειὶιιιειιῆεὶΔ
975 3153 1106 3216 basi
1139 3154 1513 3218 decumbens
1545 3168 1606 3219 et
1641 3157 1982 3221 denudatus
2010 3160 2268 3245 rigidus,

327 3251 585 3315 obscure
625 3253 812 3314 ruber
852 3253 949 3314 vel
989 3241 1209 3329 fuscus,
1238 3256 1393 3315 rami
1424 3257 1562 3337 vagi
1605 3254 1710 3317 vel
1728 3258 2023 3341 pinnatim
2067 3258 2288 3343 dispo-.

325 3350 455 3422 siti,
495 3349 691 3431 longi,
738 3348 1041 3432 simplices
1084 3347 1183 3411 vel
1222 3352 1444 3411 iterum
1494 3353 1724 3436 pinnati
1782 3355 1954 3436 apice
1994 3356 2271 3432 incurvi,

322 3443 541 3503 ramuli
585 3443 1041 3527 gracilescentes
1085 3448 1397 3528 attenuati.
1439 3446 1617 3509 Folia
1671 3447 1912 3530 juniora
1950 3448 2085 3511 laete
2127 3453 2269 3512 viri-

325 3537 428 3599 dia
470 3540 718 3602 demum
752 3540 1107 3604 latescentia
1134 3546 1405 3620 nitentia,
1435 3545 1867 3627 magnitudinis
1895 3567 2013 3630 pro
2047 3567 2269 3628 genere

325 3639 660 3718 conspicuae
676 3682 694 3714 ,
736 3639 1163 3722 perichaetialia
1223 3640 1493 3725 oblonga
1548 3645 1611 3703 in
1673 3664 1927 3706 acumen
1982 3642 2267 3706 filiforme
2357 3725 2362 3728 Δ

325 3739 659 3808 attenuata,
699 3738 963 3813 enervia,
1003 3735 1134 3796 basi
1178 3756 1407 3798 crocea.
1452 3737 1595 3800 Seta
1637 3738 1799 3802 laevis
1840 3740 2090 3804 uncialis
2119 3759 2267 3824 pur·

329 3845 542 3907 purea,
585 3830 830 3915 capsula
868 3832 1047 3897 badia
1090 3842 1260 3896 ovata
1303 3827 1693 3918 subglobosa.
1757 3855 1764 3858 *
