2917 5052
696 381 777 458 48
1889 349 1922 373 ³

690 519 874 559 neum
903 503 1111 559 nitens.
1143 498 1342 559 Caulis
1366 493 1767 556 semiuncialis
1805 498 2131 558 ascendens
2162 515 2435 557 ramosus
2468 502 2639 562 rami

690 597 985 677 fastigiati.
1026 595 1198 656 Folia
1255 597 1516 655 siccitate
1575 613 1862 674 appressa
1906 595 1983 655 ad
2028 597 2259 675 apicem
2306 615 2630 658 ramorum

688 695 1063 754 conniventia
1103 693 1263 753 unde
1305 680 1458 751 rami
1504 690 1797 771 cuspidati
1843 691 2151 774 adparent.
2198 691 2343 753 Seta
2386 692 2633 756 caulem

687 811 929 873 aequans
971 791 1062 852 vel
1103 794 1284 852 etiam
1329 807 1639 870 superam.

764 890 885 949 Diu
924 886 1206 948 haesimus
1250 907 1325 944 an
1367 893 1575 942 nostra
1607 882 1914 944 individua
1956 884 2433 945 Mediolanensia
2457 887 2632 967 Btyo

684 987 883 1070 alpino
925 988 991 1045 L.
1035 994 1197 1044 recte
1239 990 1575 1063 spectarent
1613 980 1709 1041 vel
1741 984 1943 1061 potius
1972 980 2287 1063 speciebus
2320 978 2635 1045 affinibus:

684 1081 964 1143 obstabat
1006 1079 1344 1139 differentia
1385 1075 1501 1137 loci
1544 1075 1777 1150 nataliS,
1798 1097 1949 1151 'cum
1977 1078 2247 1136 Botanici
2283 1080 2520 1139 nonnisi
2559 1082 2630 1140 in

683 1178 992 1239 montibus
1026 1175 1378 1236 editioribus
1407 1174 1570 1236 bunc
1591 1195 1866 1235 muscum
1898 1176 2314 1256 reperiissent3
2345 1185 2438 1235 ast
2464 1195 2635 1236 com-

682 1275 921 1356 paratio
964 1274 1354 1353 speciminum
1385 1292 1520 1353 quae
1561 1293 1673 1331 nos
1715 1274 1827 1353 ipsi
1870 1270 2126 1353 legimus
2157 1273 2219 1330 in
2250 1270 2496 1352 alpibus
2537 1272 2633 1332 di-

686 1372 866 1431 tionis
907 1371 1273 1430 Novariensis
1316 1368 1671 1429 editioribus
1722 1369 1797 1447 et}
1836 1369 2121 1430 Helvetiae
2145 1415 2169 1442 ,
2224 1390 2337 1428 nec
2389 1389 2512 1428 non
2561 1369 2631 1430 il-

687 1467 886 1528 lorum
930 1489 1063 1550 quae
1105 1471 1168 1526 in
1211 1466 1665 1527 collectionibus
1706 1466 1999 1527 Hobsonii
2036 1477 2097 1526 et
2128 1465 2492 1526 Brebissonii
2518 1467 2633 1526 ob-

686 1567 1075 1638 servavimuS‚
1100 1562 1277 1622 nobis
1319 1561 1561 1621 abunde
1604 1562 2021 1643 comprobavit
2049 1562 2319 1645 plantam
2349 1573 2626 1623 nostram

682 1660 1040 1720 nullomodo
1085 1657 1305 1717 diferre
1350 1678 1386 1717 a
1427 1657 1592 1740 Bryo
1632 1659 1833 1740 alpino
1876 1661 2119 1718 Linnaei.
2167 1657 2260 1718 Ab
2303 1658 2420 1718 hac
2466 1680 2620 1740 quo·

685 1777 808 1837 que
852 1755 1295 1813 circumstantia
1338 1755 1543 1834 opinio
1594 1752 1841 1812 illorum
1899 1757 2003 1834 qui
2048 1753 2418 1814 differentias
2461 1756 2625 1816 inter

683 1850 841 1911 hanc
902 1851 1161 1931 speciem
1205 1858 1267 1908 et
1305 1850 1535 1935 Btyum
1590 1851 1969 1909 ventrio-osum
2026 1871 2095 1910 ex
2155 1850 2283 1910 sola
2348 1850 2467 1910 loci
2509 1873 2623 1912 na·

680 1946 815 2006 talis
859 1946 1199 2007 diversitate
1243 1949 1386 2029 oriri
1428 1956 1645 2028 putant
1684 1945 2064 2020 infirmatum
2114 1951 2337 2009 etenim
2384 1959 2622 2010 mutato

683 2042 821 2103 loco
862 2043 1045 2103 natali
1101 2042 1476 2105 characteres
1524 2053 1726 2105 tamen
1781 2047 1999 2125 speciei
2055 2054 2395 2106 constantes
2462 2066 2620 2127 per-

689 2139 956 2200 durant.·

1347 2322 1435 2386 ι8.
1476 2323 1661 2384 Bam
1706 2343 1959 2383 emaum.

762 2532 826 2593 B.
869 2532 1055 2591 Caule
1098 2542 1300 2593 erecto
1344 2532 1619 2613 simplici,
1663 2530 1818 2593 foliis
1863 2530 1992 2592 laxe
2034 2531 2365 2593 imbricatis
2410 2543 2614 2593 erecto

678 2627 1021 2711 patentibus
1063 2627 1409 2689 lanceolatis
1455 2628 1711 2690 obscure
1755 2628 2133 2689 denticulatis
2156 2676 2174 2705 ‚
2229 2650 2418 2691 nervo
2475 2639 2616 2689 ante

683 2725 915 2807 apicem
950 2724 1278 2799 desinente,
1304 2724 1547 2805 capsula
1573 2724 1745 2785 brevi
1769 2725 2088 2807 pyriformi
2121 2725 2407 2807 pendula,
2432 2747 2608 2809 oper-

683 2820 823 2880 culo
867 2841 1131 2882 convexo
1174 2820 1615 2881 mucronulatO.
1697 2885 1698 2888 ,

758 2916 985 2991 Bryum
1030 2938 1333 2977 carneum.
1379 2918 1553 2978 Linn.
1595 2940 1683 3001 sp.
1735 2915 1906 2999 1587.
1948 2917 2115 2977 Brid.
2160 2919 2329 2980 mech.
2367 2940 2429 3001 p.
2478 2917 2606 2979 118.

677 3012 827 3073 Am.
869 3012 1020 3096 disp.
1064 3016 1235 3075 meth.
1270 3037 1335 3098 p.
1383 3014 1519 3099 295.
1565 3016 1883 3096 Schwaegr.
1929 3037 2016 3099 sp.
2058 3037 2235 3075 masc.
2290 3037 2310 3076 1
2336 3062 2354 3090 ,
2389 3037 2452 3097 p.
2495 3015 2594 3096 67.

681 3106 919 3173 Swanz
974 3133 1151 3172 muse.
1216 3134 1365 3173 suee.
1413 3135 1481 3197 p.
1534 3113 1631 3194 47.
1680 3114 1822 3176 Voic
1881 3134 2057 3173 muse.
2115 3115 2328 3195 herbip.
2379 3135 2446 3196 p.
2508 3110 2606 3174 86.

676 3205 874 3266 Hook.
907 3222 962 3268 et
992 3208 1161 3286 Tayl.
1205 3230 1384 3270 masc.
1420 3209 1551 3272 bric.
1594 3231 1653 3293 p.
1685 3207 1817 3292 198,
1853 3209 1965 3269 tab.
1991 3230 2088 3292 29.
2118 3210 2299 3270 Mart.
2303 3207 2392 3290 fl
2426 3220 2610 3293 crypt.

676 3302 894 3381 erlang.
928 3325 991 3385 p.
1045 3301 1141 3364 58.
1185 3304 1342 3365 Dub.
1386 3305 1497 3366 boc.
1540 3305 1676 3386 gall.
1702 3327 1765 3387 p.
1810 3302 1948 3365 552.
1972 3306 2182 3400 Polli-n.
2212 3302 2289 3383 fl
2338 3325 2527 3365 veron.
2553 3307 2611 3378 3,

669 3421 733 3481 p.
780 3400 915 3478 371.

761 3494 987 3568 Bryum
1035 3495 1441 3557 delicatulum.
1488 3495 1716 3557 Hedw.
1759 3498 1918 3579 stirp.
1972 3520 2023 3572 1,
2057 3521 2120 3581 p.
2164 3496 2264 3572 52,
2305 3497 2417 3558 tab.
2456 3518 2549 3557 2ο.

757 3589 982 3664 Bryum
1029 3590 1420 3672 pulchellum.
1470 3588 1695 3652 Hedw.
1755 3593 1791 3651 l.
1848 3614 1895 3652 c.
1957 3597 2037 3667 3,
2082 3616 2145 3676 p.
2188 3593 2271 3677 95
2298 3640 2315 3668 ,
2356 3593 2469 3655 tab.
2493 3590 2614 3653 38.

670 3688 908 3747 Swartz
950 3709 1127 3748 masc.
1172 3711 1323 3750 suco.
1360 3713 1425 3773 p.
1470 3687 1569 3765 48.
1615 3688 1779 3750 Brid.
1823 3694 1991 3753 meth.
2030 3715 2092 3774 p.
2133 3713 2153 3752 1
2174 3689 2261 3751 18.
2293 3691 2607 3770 Schwoegr.

666 3805 753 3866 sp.
797 3805 977 3844 muse.
1035 3807 1083 3859 1,
1118 3809 1182 3868 p.
1226 3785 1325 3847 63.

724 3879 1034 3963 Hypnum
1081 3904 1384 3945 carneum.
1434 3884 1611 3948 Web.
1659 3899 1714 3945 et
1754 3887 1951 3949 Mohr.
1996 3886 2105 3948 bot.
2153 3888 2330 3947 casch.
2361 3907 2431 3967 p.
2465 3880 2602 3964 278.
